1399 2271
648 64 835 101 VIRGIL

157 157 179 171 ‘¹
192 165 291 201 quae
313 152 433 196 vobis,
453 163 552 200 quae
572 151 706 199 digua,
727 153 808 195 viri,
830 164 899 199 pro
918 150 1096 187 laudibus
1117 154 1200 188 istis

155 207 326 253 praemia
345 217 457 252 posse
477 217 562 240 rear
579 204 702 241 solvi?
732 203 994 253 pulcherrima
1013 207 1182 252 primum

154 258 192 293 di
213 270 419 306 moresque
438 258 591 294 dabunt
610 260 752 301 vestri3
779 263 865 294 tum
884 263 1016 294 cetera
1036 257 1178 294 reddet

154 316 332 347 actutum
351 313 437 359 pius
457 311 613 347 Aeneas
632 316 752 360 atque
771 313 928 359 integer
947 313 1032 347 aevi
1251 315 1324 348 255

156 365 358 410 Ascanius,
377 367 508 400 meriti
529 367 630 400 tanti
649 377 728 400 non
747 366 952 400 immemor
973 364 1195 413 umquam.”

154 421 309 453 “immo
325 431 399 466 ego
421 431 499 463 vos,
517 420 579 454 cui
598 417 678 453 sola
697 417 799 454 salus
818 420 999 466 genitore
1019 417 1220 464 reducto,''

154 474 300 520 excipit
319 472 522 516 Ascanius,
544 475 649 520 “per
668 483 844 519 magnos,
866 471 971 515 Nise,
994 470 1152 507 Penatis

154 525 411 574 Assaracique
432 524 572 560 Larem
593 529 635 561 et
654 537 773 560 canae
794 523 1012 572 penetralia
1033 524 1176 560 Vestae

153 579 347 614 obtestor:
368 590 638 627 quaecumque
653 577 750 613 mihi
766 577 923 613 fortuna
939 577 1113 626 fidesque
1130 583 1204 624 est,
1250 576 1325 614 260

153 634 192 667 in
213 633 351 667 vestris
371 644 474 680 pono
493 633 675 679 gremiis:
703 636 884 667 revocate
904 635 1123 679 parentem,

153 684 308 721 reddite
329 689 607 733 conspectunr:
636 683 734 719 nihil
755 683 821 719 illo
841 686 955 720 triste
975 689 1147 732 recepto.

152 739 244 773 bina
263 738 363 774 dabo
383 742 548 785 argento
569 736 745 785 perfecta
764 742 884 786 atque
904 750 1040 785 aspera
1060 740 1181 786 signis

152 791 303 839 pocula,
323 791 479 827 devicta
497 793 654 839 genitor
673 803 773 839 quae
793 792 900 838 cepit
921 791 1070 835 Arisba,

153 849 194 881 et
212 844 386 893 tripodas
406 846 596 893 geminos,
616 846 699 879 auri
718 844 796 880 duo
816 857 959 892 magna
978 843 1142 890 talenta,
1250 843 1324 882 265

152 903 302 934 cratera
321 900 541 946 antiquum,
561 910 679 946 quem
699 897 767 933 dat
787 896 946 933 Sidonia
967 896 1081 933 Dido.

152 953 182 986 si
203 964 294 987 vero
314 964 454 1000 capere
476 950 631 987 Italiam
650 953 893 999 sceptrisque
914 953 1031 999 potiri

152 1006 364 1052 contigerit
384 1006 521 1040 victori
541 1009 582 1040 et
601 1003 770 1053 praedae
791 1003 922 1040 dicere
942 1008 1100 1048 sortem,

151 1057 281 1093 vidisti
301 1070 379 1106 quo
398 1057 552 1093 Turnus
572 1069 686 1106 equo,
706 1057 847 1106 quibus
866 1057 949 1092 ibat
968 1059 1008 1092 in
1029 1059 1143 1093 arinis

149 1123 306 1153 aureus3
327 1113 454 1158 ipsum
474 1110 597 1155 illum,
611 1110 781 1159 clipeum
795 1113 1008 1158 cristasque
1022 1110 1200 1147 rubentis
1248 1113 1323 1149 270

151 1166 342 1212 excipiam
363 1166 472 1208 sorti,
491 1166 567 1198 iam
586 1176 691 1199 nunc
710 1169 779 1200 tua
798 1165 982 1211 praemia,
1005 1163 1109 1200 Nise.

151 1222 355 1265 praeterea
374 1217 432 1252 bis
452 1229 520 1252 sex
540 1219 697 1265 genitor
716 1216 928 1252 lectissima
948 1221 1118 1252 matrum

150 1283 308 1318 corpora
328 1272 579 1318 captivosque
601 1270 711 1306 dabit
731 1283 877 1318 suaque
897 1270 1076 1305 omnibus
1096 1283 1215 1316 arma,

150 1326 309 1372 insuper
329 1323 388 1359 his
409 1326 534 1371 campi
555 1323 660 1372 quod
680 1336 746 1359 rex
769 1323 890 1359 habet
908 1325 991 1371 ipse
1014 1322 1187 1360 Latinus.

149 1382 189 1413 te
210 1389 313 1421 vero,
333 1389 421 1412 mea
440 1389 558 1425 quem
578 1378 712 1424 spatiis
732 1377 976 1425 propioribus
995 1382 1103 1412 aetas
1248 1379 1321 1415 275

149 1432 381 1478 insequitur,
402 1429 626 1465 venerande
647 1442 755 1477 puer,
776 1431 851 1464 iam
873 1434 1033 1477 pectore
1054 1434 1139 1466 toto

147 1485 295 1530 accipio
315 1487 357 1518 et
376 1485 562 1519 comitem
581 1495 691 1518 casus
711 1482 951 1531 complector
971 1485 1011 1517 in
1031 1485 1168 1519 omnis.

147 1535 255 1571 nulla
274 1538 371 1572 meis
391 1538 475 1572 sine
496 1541 536 1572 te
557 1541 768 1584 quaeretur
787 1536 910 1583 gloria
930 1537 1066 1579 rebus3

147 1602 215 1625 seu
236 1602 373 1637 pacem
393 1602 461 1625 seu
482 1589 586 1625 bella
605 1602 751 1638 geram,
773 1589 843 1625 tibi
864 1591 1032 1624 maxima
1052 1602 1180 1625 rerum

147 1643 433 1691 verborumque
454 1641 588 1678 fides.”
645 1647 781 1678 contra
800 1655 917 1691 quem
938 1641 1032 1678 talia
1051 1641 1155 1678 fatur
1245 1648 1321 1680 280

147 1695 361 1744 Euryalus:
392 1699 491 1732 “me
511 1695 618 1731 nulla
637 1695 721 1731 dies
741 1700 823 1731 tam
842 1695 1007 1731 fortibus
1027 1698 1128 1731 ausis

146 1748 375 1785 dissimilem
394 1751 590 1797 arguerit:
620 1753 777 1785 tantum
797 1748 955 1785 fortuna
975 1748 1146 1785 secunda

273 1884 316 1903 ²⁰⁸
339 1883 462 1914 ducere
479 1885 555 1923 R72.

273 1927 317 1946 ΣΗ
340 1927 468 1968 campis
485 1928 522 1957 R.
570 1938 655 1968 quos
668 1927 795 1967 M1P27.

274 1969 317 1998 ²⁸3
339 1969 473 2002 Servius
484 1971 692 2010 punctuated
708 1970 797 2011 aster
812 1973 960 2002 tantum.
1009 1970 1053 2003 So
1070 1970 1218 2003 Ribbeck.

149 2017 221 2050 130
