1399 2271
619 65 810 103 VIRGIL

131 154 219 189 huic
238 157 412 189 monstro
433 151 627 188 Volcanus
646 156 730 188 erat
749 156 884 200 pater:
912 151 1015 188 illius
1034 157 1139 188 atros

130 219 194 243 ore
216 219 374 242 vomens
390 208 491 254 ignis
510 218 652 254 magna
672 217 713 241 se
732 205 835 241 mole
855 204 1018 242 ferebat.

131 259 264 296 attulit
284 264 325 295 et
344 259 455 294 nobis
475 258 684 307 aliquando
703 259 930 307 optantibus
949 263 1057 294 aetas
1223 261 1299 294 200

130 313 314 349 auxilium
330 312 623 360 adventumque
639 311 714 347 dei.
762 325 853 346 nam
872 314 1063 347 maximus
1078 311 1196 357 ultor,

132 368 339 415 tergemini
358 377 455 401 nece
476 364 683 414 Geryonae
702 364 912 414 spoliisque
932 365 1135 413 superbus,

133 419 289 455 Alcides
308 418 445 455 aderat
462 423 672 466 taurosque
694 417 764 453 hac
785 420 908 454 victor
927 418 1085 467 agebat,

132 475 315 521 ingentis,
335 471 556 520 vallemque
576 471 694 507 boves
713 484 949 520 amnemque
970 472 1175 508 tenebant.

132 531 170 562 at
189 525 296 561 furiis
317 525 405 560 Caci
424 537 535 561 mens
555 524 685 569 effera,
705 537 755 561 ne
774 524 868 573 quid
889 527 1068 560 inausum
1226 528 1300 560 205

131 584 198 615 aut
216 581 469 614 intractatum
488 577 693 614 scelerisve
712 577 841 614 dolive
861 577 1012 622 fuisset,

131 637 316 681 quattuor
334 645 356 667 a
375 631 537 667 stabulis
557 633 773 679 praestanti
792 643 953 680 corpore
973 636 1105 667 tauros

130 687 284 729 avertit,
305 684 472 721 totidem
492 683 616 719 forma
635 689 846 732 superante
866 686 1060 720 iuvencas.

130 743 248 787 atque
268 737 349 782 hos,
370 750 420 773 ne
440 750 515 786 qua
536 736 667 773 forent
686 736 852 785 pedibus
871 740 1036 785 vestigia
1055 739 1185 782 rectis,

130 791 252 827 cauda
271 793 310 826 in
330 790 556 839 speluncam
576 794 721 826 tractos
741 792 940 839 versisque
960 793 1109 826 viarum
1227 794 1302 827 210

130 844 282 880 indiciis
300 849 431 892 raptos
450 856 542 879 saxo
560 842 783 879 occultabat
800 856 931 891 opaco.

130 899 335 947 quaerenti
355 896 462 932 nulla
480 895 530 932 ad
549 895 776 944 speluncam
796 899 908 945 signa
928 895 1121 934 ferebant.

130 953 293 995 interea,
313 963 400 986 cum
421 952 497 985 iam
515 948 677 986 stabulis
697 954 869 985 saturata
887 955 1066 986 moveret

132 1002 504 1052 Amphitryoniades
523 1008 701 1039 armenta
720 1003 950 1052 abitumque
971 1008 1141 1052 pararet,

130 1056 301 1092 discessu
322 1058 473 1105 mugire
492 1056 610 1092 boves
629 1060 749 1105 atque
768 1068 885 1092 omne
905 1056 1091 1105 querellis
1227 1061 1302 1093 215

130 1109 282 1158 impleri
302 1122 440 1145 nemus
461 1114 502 1145 et
521 1108 640 1145 colles
660 1109 828 1145 clamore
848 1108 1028 1158 relinqui.

131 1162 303 1199 reddidit
323 1176 399 1198 una
418 1163 535 1198 boum
555 1174 690 1198 vocem
710 1167 898 1212 vastoque
918 1164 990 1199 sub
1009 1168 1124 1200 antro

130 1218 269 1264 mugiit
289 1221 330 1251 et
350 1215 438 1251 Caci
458 1228 568 1264 spem
588 1215 784 1251 custodita
802 1215 957 1252 fefellit.

132 1269 192 1304 hic
213 1282 303 1305 vero
324 1268 486 1304 Alcidae
506 1268 616 1304 furiis
636 1275 834 1305 exarserat
852 1274 937 1305 atro

130 1322 222 1358 felle
243 1321 375 1358 dolor:
403 1324 505 1370 rapit
523 1335 629 1357 arma
648 1335 766 1357 manu
780 1322 972 1371 nodisque
993 1328 1198 1372 gravatum
1227 1327 1301 1360 220

132 1376 259 1419 robur,
279 1380 320 1411 et
337 1377 430 1411 aerii
451 1388 563 1411 cursu
585 1378 687 1423 petit
705 1374 826 1411 ardua
845 1379 1000 1412 montis.

131 1433 213 1463 tum
234 1430 402 1476 primum
421 1430 543 1464 nostri
564 1427 707 1463 Cacum
727 1428 861 1465 videre
881 1431 1090 1466 timentem

130 1481 408 1529 turbatumque
423 1480 544 1516 oculis
560 1494 567 1516 :
596 1480 699 1529 fugit
718 1481 826 1518 ilicet
844 1484 948 1518 ocior
968 1483 1073 1519 Euro

130 1534 434 1582 speluncamque
451 1536 553 1582 petit
567 1546 576 1577 ;
596 1534 761 1582 pedibus
776 1537 894 1571 timor
908 1535 1062 1573 addidit
1077 1536 1168 1574 alas.

184 1587 239 1623 Ut
259 1600 343 1623 sese
363 1586 521 1623 inclusit
540 1590 743 1636 ruptisque
762 1590 934 1625 immane
953 1592 1104 1626 catenis
1226 1594 1300 1627 225

128 1639 274 1676 deiecit
294 1653 441 1685 saxum,
461 1639 564 1676 ferro
583 1641 687 1689 quod
707 1646 749 1677 et
768 1646 852 1678 arte
872 1647 1037 1690 paterna

128 1693 340 1741 pendebat,
362 1693 558 1742 fultosque
580 1697 746 1730 emuniit
765 1695 876 1731 obice
897 1698 1031 1744 postis,

128 1758 219 1782 ecce
239 1745 372 1782 furens
392 1749 530 1783 animis
549 1746 686 1784 aderat
701 1747 932 1797 Tirynthius
949 1762 1186 1799 omnemque

170 1813 214 1832 ²⁰²
236 1814 386 1854 Geryoni
404 1815 453 1845 R:
475 1814 643 1856 Geryonis
661 1816 721 1846 Μ’.

170 1856 214 1875 ²⁰⁵
237 1856 321 1887 furis
338 1858 382 1887 M.
669 1859 712 1877 ²⁰⁶
736 1859 984 1900 intemptatum
1002 1861 1063 1894 Μ’.

170 1898 214 1917 ²¹²
236 1903 439 1940 quaerentes
457 1901 494 1931 R.
669 1901 713 1920 ²¹⁴
736 1901 882 1942 parabat
898 1903 960 1934 Ml.

170 1941 214 1960 ²¹⁶
237 1942 400 1982 relinquit
419 1938 452 1973 P.
669 1943 712 1963 ²²1
736 1949 771 1975 et
788 1945 886 1984 aerii]
901 1945 1046 1977 aetherii
1062 1946 1124 1977 ΜἹ.

169 1984 212 2002 ²²³
236 1985 323 2015 oculi
341 1995 425 2016 some
441 1985 552 2016 minor
568 1987 679 2024 MSS„
698 1986 813 2018 known
829 1993 860 2018 to
876 1987 1011 2020 Servius
1023 1998 1035 2020 .·
1057 1990 1173 2021 oculos
1186 1988 1236 2029 γι.

126 2029 174 2066 74
