1399 2271
608 85 800 122 VIRGIL

120 171 304 209 horrebat
322 173 492 221 squamis
512 184 696 221 surasque
716 171 929 209 incluserat
947 185 1054 217 auro,

119 231 295 274 tempora
310 225 438 262 nudus
453 225 594 270 adhuc,
607 225 800 274 laterique
811 228 1036 263 accinxerat
1048 239 1197 272 ensem,

120 279 375 328 fulgebatque
395 279 476 315 alta
495 278 707 316 decurrens
726 292 866 315 aureus
885 292 974 315 arce
1213 284 1289 322 490

118 332 368 382 exsultatque
387 335 527 368 animis
547 337 588 369 et
608 345 676 380 spe
696 334 772 368 iam
792 335 984 381 praecipit
1003 332 1158 369 hostem
1175 346 1184 370 ι

117 385 241 435 qualis
260 387 325 422 ubi
345 386 522 435 abruptis
541 385 645 434 fugit
664 388 867 434 praesepia
887 385 1022 422 vinclis

118 439 277 476 tandem
298 439 398 476 liber
419 452 542 489 equus
561 452 776 488 campoque
797 442 946 488 potitus
967 444 1104 488 aperto

117 498 184 529 aut
203 493 269 529 ille
288 495 329 529 in
349 498 482 542 pastus
501 498 758 541 armentaque
777 493 910 529 tendit
930 506 1117 542 equarum

117 552 184 583 aut
203 546 390 583 adsuetus
410 559 533 596 aquae
552 546 736 595 perfundi
756 546 916 583 flumine
937 552 1032 583 noto
1211 551 1286 589 495

117 603 271 645 emicat,
291 603 531 649 arrectisque
550 600 685 636 fremit
704 600 918 636 cervicibus
937 599 1018 636 alte

116 654 327 698 luxurians,
346 653 569 703 luduntque
588 654 702 689 iubae
721 666 792 702 per
812 652 926 699 colla,
946 666 1016 702 per
1033 666 1170 690 armos.

168 706 295 743 Obvia
315 709 376 743 cui
397 707 624 743 Volscorum
644 709 727 743 acie
746 709 961 743 comitante
981 706 1143 742 Camilla

115 763 284 797 occurrit
302 763 504 809 portisque
523 761 571 796 ab
592 772 693 809 equo
713 762 849 809 regina
868 761 939 796 sub
958 762 1061 809 ipsis

115 813 287 859 desiluit,
308 827 423 863 quam
445 819 529 850 tota
549 813 685 850 cohors
704 815 855 850 imitata
876 813 1023 850 relictis
1211 818 1287 851 500

115 867 162 903 ad
184 873 327 904 terram
349 867 512 904 defluxit
532 870 663 916 equis;
695 871 779 903 turn
800 866 894 903 talia
913 866 1040 903 fatur:

115 925 138 941 “
151 921 296 965 Turne,
317 923 373 957 sui
394 923 536 957 merito
555 923 586 957 si
606 933 682 970 qua
702 925 762 957 est
782 920 922 956 fiducia
941 920 1046 965 forti,

112 974 238 1011 audeo
258 980 300 1011 et
319 974 553 1010 Aeneadum
572 976 760 1022 promitto
778 986 981 1010 occurrere
1001 979 1154 1011 turmae

113 1027 271 1077 solaque
291 1027 515 1077 Tyrrhenos
535 1030 689 1077 equites
707 1029 763 1063 ire
782 1027 895 1063 obvia
913 1032 1059 1063 contra.

113 1094 175 1117 me
195 1084 280 1117 sine
303 1084 427 1130 prima
446 1094 564 1116 manu
583 1085 780 1129 temptare
800 1080 974 1129 pericula
993 1081 1100 1125 belli,
1210 1086 1284 1119 505

113 1140 154 1170 tu
177 1134 298 1183 pedes
318 1134 367 1170 ad
389 1147 517 1170 muros
536 1135 705 1170 subsiste
726 1139 768 1170 et
786 1136 942 1170 moenia
961 1134 1108 1171 serva.’'

112 1187 267 1224 Turnus
282 1188 330 1224 ad
351 1187 462 1233 haec,
476 1187 608 1224 oculos
623 1187 818 1223 horrenda
832 1190 873 1223 in
888 1189 1038 1236 virgine
1055 1187 1151 1224 fixus
1167 1201 1175 1224 :

112 1245 170 1277 “o
190 1241 310 1278 decus
332 1241 469 1278 Italiae
489 1243 611 1290 virgo,
631 1254 726 1290 quas
744 1240 876 1277 dicere
895 1243 1017 1290 gratis

111 1307 254 1343 quasve
268 1294 415 1331 referre
428 1307 563 1343 parem
578 1295 592 1330 ?
617 1294 687 1330 sed
701 1307 818 1339 nunc,
831 1299 892 1330 est
905 1296 1033 1330 omnia
1047 1294 1204 1344 quando

111 1351 184 1384 iste
203 1350 356 1384 animus
375 1361 503 1397 supra,
522 1360 677 1384 mecum
698 1349 843 1396 partire
863 1347 1046 1384 laborem.
1207 1353 1282 1385 510

112 1402 276 1445 Aeneas,
300 1406 345 1438 ut
364 1400 466 1437 fama
486 1400 602 1437 fidem
622 1403 808 1450 missique
828 1406 1034 1449 reportant

109 1454 388 1503 exploratores,
409 1457 588 1504 equitum
607 1453 709 1490 levia
727 1455 927 1503 improbus
946 1467 1052 1490 arma

109 1510 322 1556 praemisit,
342 1513 555 1558 quaterent
574 1520 754 1556 campos3
783 1510 867 1556 ipse
886 1507 1006 1544 ardua
1025 1510 1172 1545 montis

109 1574 178 1609 per
197 1561 353 1598 deserta
372 1564 465 1610 iugo
484 1573 672 1610 superans
692 1560 883 1597 adventat
902 1560 950 1597 ad
972 1562 1121 1598 urbem.

108 1614 212 1650 furta
231 1628 324 1663 paro
344 1614 438 1651 belli
457 1627 632 1650 convexo
650 1616 691 1650 in
711 1616 869 1651 tramite
889 1614 1022 1660 silvae,
1205 1619 1279 1653 515

106 1673 152 1704 ut
170 1668 291 1704 bivias
311 1673 460 1705 armato
479 1667 655 1704 obsidam
673 1667 800 1704 milite
818 1667 962 1704 fauces.

106 1726 148 1757 tu
169 1720 417 1770 Tyrrhenum
438 1724 612 1770 equitem
633 1721 798 1758 conlatis
818 1723 956 1770 excipe
976 1723 1121 1770 signis;

105 1779 237 1810 tecum
257 1787 346 1811 acer
367 1775 572 1823 Messapus
592 1777 667 1811 erit
686 1779 918 1824 turmaeque
939 1773 1104 1811 Latinae

105 1827 336 1877 Tiburtique
357 1841 518 1872 manus3
548 1828 657 1864 ducis
678 1833 719 1864 et
738 1833 781 1864 tu
803 1830 964 1877 concipe
985 1828 1156 1865 curam.'’

499 1953 542 1972 ⁵⁰⁷
567 1953 642 1984 fixis
660 1953 728 1984 M1:
750 1952 835 1985 fixos
850 1966 882 1994 7.

502 1995 544 2016 ‘²⁰
567 2001 708 2038 superat
723 1996 784 2030 111¹.
