1399 2271
636 73 826 110 VIRGIL

145 176 302 212 corpora
321 162 446 199 multa
465 164 590 197 virum
610 163 710 197 circa
729 162 937 210 seniorque
958 160 1160 207 Galaesus,
1242 163 1315 197 535

145 222 238 258 dum
258 224 343 270 paci
364 220 538 257 medium
558 232 599 256 se
619 220 745 264 offert,
764 221 997 256 iustissimus
1017 231 1117 256 unus

145 282 210 329 qui
230 279 306 316 fuit
325 279 587 327 Ausoniisque
607 278 698 314 olim
719 278 933 315 ditissimus
952 280 1074 315 arvis:

146 341 318 388 quinque
337 350 478 386 greges
498 337 554 372 illi
576 336 791 383 balantum,
813 339 931 386 quina
951 336 1135 374 redibant

145 401 336 442 armenta,
357 401 399 433 et
417 401 563 432 terram
583 401 744 432 centum
765 397 947 432 vertebat
965 398 1112 433 aratris.

198 455 332 505 Atque
346 467 473 503 caper
486 467 644 503 campos
655 467 781 504 aequo
793 454 888 491 dum
903 455 1032 491 Marte
1045 460 1249 504 geruntur,

146 516 321 563 promissi
341 513 415 550 dea
435 513 538 550 facta
557 519 713 562 potens,
732 513 799 550 ubi
819 516 1010 562 sanguine
1030 514 1178 550 bellum
1245 518 1314 551 541

146 574 286 610 imbuit
306 578 347 610 et
366 575 514 621 primae
534 575 729 609 commisit
748 572 887 609 funera
906 586 1075 622 pugnae,

146 633 292 669 deserit
315 632 550 680 Hesperiam
572 636 613 667 et
633 630 729 668 caeli
751 644 935 668 conversa
955 644 1024 680 per
1043 643 1155 668 auras

150 692 339 728 Iunonem
359 693 498 726 victrix
519 690 676 726 adfatur
696 703 790 727 voce
811 691 1002 738 superba:

147 754 245 796 “en,
265 748 442 799 perfecta
461 749 534 785 tibi
554 748 660 785 bello
679 748 872 785 discordia
892 751 994 784 tristi
1010 749 1016 785 !
1247 752 1320 786 545

145 809 221 854 dic,
240 811 280 845 in
300 810 511 844 amicitiam
531 812 672 844 coeant
692 812 733 844 et
752 806 911 844 foedera
931 810 1112 856 iungant,

146 866 464 918 quandoquidem
478 866 652 902 Ausonio
665 869 832 914 respersi
844 869 1036 915 sanguine
1049 866 1230 903 Teucros.

148 927 219 962 hoc
239 928 358 962 etiam
379 924 438 960 his
458 924 614 968 addam,
633 928 702 960 tua
720 926 751 960 si
770 924 866 960 mihi
888 930 996 961 certa
1015 925 1217 963 voluntas:

147 985 329 1022 finitimas
348 986 389 1019 in
409 983 512 1019 bella
532 982 656 1018 feram
676 984 895 1020 rumoribus
916 984 1045 1029 urbes,

146 1043 437 1092 accendamque
457 1044 607 1077 animos
627 1044 752 1078 insani
774 1042 913 1079 Martis
933 1055 1078 1088 amore,
1249 1047 1323 1079 550

148 1102 320 1151 undique
334 1106 378 1137 ut
390 1100 534 1136 auxilio
548 1103 710 1137 veniant
724 1113 733 1144 ;
752 1113 933 1150 spargam
945 1114 1051 1137 arma
1064 1114 1135 1151 per
1146 1101 1296 1151 agros.”

147 1167 231 1198 tum
251 1165 387 1197 contra
402 1159 500 1195 Iuno
516 1172 523 1196 :
544 1163 569 1180 “
580 1164 774 1196 terrorum
791 1165 833 1196 et
849 1160 996 1197 fraudis
1011 1160 1168 1197 abunde
1185 1165 1253 1197 est.

145 1225 252 1258 stant
271 1219 365 1256 belli
386 1231 537 1264 causae,
557 1223 758 1267 pugnatur
777 1222 994 1256 comminus
1013 1222 1142 1265 armis,

146 1291 244 1328 quae
259 1278 337 1314 fors
353 1280 477 1327 prima
492 1277 617 1323 dedit,
633 1280 790 1326 sanguis
806 1291 928 1315 novus
944 1279 1087 1315 imbuit
1101 1291 1217 1316 arma.

146 1340 239 1377 talia
259 1342 440 1388 coniugia
460 1344 502 1376 et
521 1338 610 1376 talis
631 1338 836 1376 eelebrent
856 1339 1097 1389 hymenaeos
1250 1345 1323 1378 555

147 1402 350 1448 egregium
372 1398 537 1434 Veneris
557 1410 683 1446 genus
705 1403 746 1434 et
765 1411 833 1434 rex
854 1401 937 1447 ipse
959 1398 1134 1436 Latinus.

147 1465 187 1495 te
207 1471 324 1507 super
342 1456 538 1493 aetherias
559 1469 687 1493 errare
708 1456 893 1494 licentius
912 1471 1023 1494 auras

147 1517 249 1553 haud
270 1521 382 1565 pater
402 1515 469 1551 ille
490 1515 599 1560 velit,
619 1518 760 1551 summi
780 1521 967 1564 regnator
987 1516 1150 1567 Olympi

145 1576 242 1613 cede
257 1575 361 1612 locis.
411 1587 498 1623 ego,
514 1577 545 1610 si
561 1587 636 1624 qua
652 1587 769 1623 super
784 1574 943 1611 fortuna
958 1575 1135 1612 laborum
1152 1582 1226 1624 est,

145 1638 227 1684 ipsa
246 1633 418 1682 regam.''
475 1632 564 1669 talis
585 1632 753 1670 dederat
771 1632 954 1670 Saturnia
974 1647 1113 1672 voces:
1249 1634 1324 1674 560

145 1694 210 1730 illa
230 1698 363 1729 autem
383 1691 531 1728 attollit
551 1692 755 1728 stridentis
775 1693 969 1742 anguibus
989 1693 1081 1738 alas,

146 1751 360 1800 Cocytique
382 1754 484 1800 petit
505 1751 653 1796 sedem,
674 1764 814 1800 supera
833 1751 954 1788 ardua
974 1752 1170 1802 linquens.

144 1815 205 1846 est
224 1810 331 1846 locus
353 1809 489 1845 Italiae
510 1809 641 1845 medio
661 1810 733 1846 sub
752 1811 953 1848 montibus
974 1811 1076 1857 altis,

143 1869 284 1905 nobilis
305 1874 347 1905 et
368 1868 468 1904 fama
490 1868 623 1905 multis
643 1875 883 1906 memoratus
905 1872 942 1906 111
965 1873 1054 1917 oris,

248 1943 292 1962 ⁵⁴³
316 1953 479 1973 conversa
498 1943 563 1973 Jl¹s
588 1954 740 1975 convexa
758 1943 874 1983 ΔῚΙΖΙίὙ,
895 1944 1061 1985 Donatus,
1083 1945 1226 1978 Serum.

252 1986 296 2005 ⁶⁶²
320 1996 421 2026 super
438 1987 512 2017 MR,

143 2025 192 2057 40
