1399 2271
610 74 800 110 VIRGIL

121 162 207 195 huic
228 162 412 196 comitem
434 160 613 209 Asbyten
635 163 814 197 coniecta
834 162 995 210 cuspide
1017 165 1142 198 mittit

119 219 361 268 Chloreaque
375 219 632 268 Sybarimque
648 220 874 270 Daretaque
887 220 1264 270 'I'hersilochumque

118 283 158 314 et
176 281 364 315 sternacis
386 281 475 327 equi
496 278 647 327 lapsum
669 282 820 316 cervice
840 280 1099 329 Thymoeten.

116 350 160 373 ac
180 337 288 374 velut
309 338 435 374 Edoni
459 337 605 375 Boreae
626 352 714 374 cum
735 341 894 387 spiritus
914 338 994 374 alto
1216 336 1290 376 365

117 398 272 433 insonat
294 397 453 445 Aegaeo
474 400 730 446 sequiturque
750 397 799 433 ad
820 397 933 434 litora
953 396 1115 440 fluctus3

117 469 192 505 qua
212 458 320 492 venti
340 457 568 501 incubuere,
588 456 722 505 fugam
742 456 840 493 dant
859 456 994 493 nubila
1013 456 1145 494 caelo:

116 518 170 551 sic
184 514 330 560 Turno,
346 528 592 565 quacumque
609 519 709 551 viam
726 520 845 560 secat,
861 518 1018 564 agmina
1035 515 1183 552 cedunt

116 587 404 623 conversaeque
425 579 544 610 ruunt
563 576 689 618 acies;
719 573 797 610 fert
817 576 986 622 impetus
1006 575 1133 622 ipsum

116 638 157 669 et
175 635 330 669 cristam
352 633 514 669 adverso
535 646 648 669 curru
670 635 799 682 quatit
818 645 909 668 aura
930 632 1139 668 volantem.
1215 635 1291 672 370

116 705 193 728 non
207 692 299 728 tulit
313 695 529 728 instantem
548 692 729 740 Phegeus
742 694 960 741 animisque
974 691 1228 729 frementem:

115 752 259 788 obiecit
279 764 365 788 sese
384 751 434 787 ad
455 764 609 787 currum
630 756 671 787 et
690 753 913 800 spumantia
933 750 1053 787 frenis
1088 746 1090 749 ’

114 823 179 846 ora
198 812 407 846 citatorum
426 809 566 846 dextra
585 809 753 846 detorsit
771 823 971 860 equorum.

114 869 207 905 dum
222 869 392 905 trahitur
407 869 636 918 pendetque
653 871 766 918 iugis,
782 868 886 905 hunc
902 868 981 905 lata
997 874 1192 906 retectum

114 929 250 965 lancea
269 931 522 977 consequitur
542 931 768 977 rumpitque
789 928 905 964 infixa
925 927 1081 964 bilicem
1214 931 1288 968 375

114 988 271 1024 loricam
292 992 334 1024 et
353 1000 547 1023 summum
569 986 756 1035 degustat
776 987 934 1023 volnere
955 1000 1105 1035 corpus.

114 1046 178 1083 ille
200 1052 334 1082 tamen
354 1046 482 1095 clipeo
502 1046 657 1082 obiecto
678 1058 887 1083 conversus
907 1048 946 1081 in
966 1045 1120 1082 hostem

115 1107 195 1142 ibat
215 1110 256 1141 et
276 1104 463 1141 auxilium
485 1104 604 1141 ducto
625 1117 811 1141 mucrone
831 1106 1008 1154 petebat,

113 1177 201 1200 cum
221 1169 305 1200 rota
326 1166 583 1212 praecipit-em
604 1169 645 1201 et
665 1176 850 1212 procursu
872 1166 1047 1200 concitus
1066 1166 1148 1201 axis

115 1222 270 1271 impulit
290 1223 536 1272 effunditque
556 1222 652 1268 solo,
671 1222 904 1272 Turnusque
925 1228 1082 1259 secutus
1213 1227 1288 1261 380

115 1284 229 1317 imam
249 1284 354 1318 inter
373 1281 526 1331 galeam
548 1285 688 1318 summi
708 1281 878 1318 thoracis
898 1287 939 1318 et
958 1294 1043 1318 oras

113 1340 275 1376 abstuiit
295 1353 389 1376 ense
411 1345 528 1388 caput
549 1345 812 1389 truncumque
833 1340 993 1389 reliquit
1013 1340 1194 1377 harenae.

166 1399 300 1448 Atque
317 1412 361 1435 ca
378 1399 471 1435 dum
489 1402 634 1448 campis
650 1402 773 1436 victor
788 1399 856 1435 dat
870 1399 1008 1436 funera
1023 1399 1190 1445 Turnus,

114 1462 264 1495 interea
285 1459 450 1495 Aenean
472 1458 706 1495 Mnestheus
727 1463 769 1495 et
789 1458 886 1495 fidus
907 1458 1081 1495 Achates

114 1517 383 1566 Ascaniusque
404 1529 533 1552 comes
555 1519 690 1552 castris
711 1521 885 1553 statuere
907 1521 1127 1562 cruentum,
1213 1521 1286 1555 385

113 1575 285 1612 alternos
304 1575 422 1624 longa
441 1578 638 1612 nitentem
659 1575 820 1624 cuspide
840 1588 1006 1624 gressus.

113 1630 237 1670 saevit
256 1639 297 1671 et
316 1634 483 1670 infracta
502 1634 675 1670 luctatur
695 1634 915 1671 harundine
936 1635 1059 1671 telum

114 1696 266 1741 eripere
286 1693 510 1743 auxilioque
532 1696 643 1739 viam,
665 1707 764 1743 quae
784 1696 971 1743 proxima,
991 1697 1139 1743 poscit;

114 1765 208 1788 ense
228 1757 366 1788 secent
385 1752 465 1788 lato
485 1751 622 1788 volnus
641 1752 790 1801 telique
812 1752 980 1789 latebras

114 1810 339 1846 rescindant
360 1813 532 1859 penitus,
552 1823 716 1860 seseque
736 1814 776 1847 in
797 1810 900 1847 bella
919 1814 1135 1848 remittant.
1212 1815 1287 1855 390

113 1871 269 1918 iamque
289 1869 426 1905 aderat
447 1869 605 1906 Phoebo
624 1874 718 1906 ante
737 1869 831 1906 alios
850 1869 1019 1906 dilectus
1041 1871 1162 1921 Iapyx

286 1932 330 1949 ³⁸⁰
354 1931 476 1962 effudit
494 1933 553 1971 [ἐγ.
784 1932 829 1952 ³⁸²
852 1932 978 1964 harena
994 1934 1054 1973 R-y.

284 1974 328 1993 ³⁸⁵
352 1976 476 2014 comes]
494 1985 578 2016 puer
594 1976 632 2008 R.
785 1975 829 1994 ³⁸⁹
854 1975 1020 2007 latebram
1036 1977 1105 2008 Ple.

114 2025 189 2054 3⁶24
