1399 2271
666 57 857 94 VIRGIL

177 143 401 187 Flaminius,
420 141 564 179 devota
583 143 696 180 dedit
714 146 779 193 qui
800 156 960 192 corpora
979 143 1170 190 flammae,

174 196 276 245 (iure
294 199 417 245 igitur
434 195 535 233 tales
554 196 680 242 sedes,
701 198 862 245 pietatis
882 196 1079 247 honores),

175 249 459 299 Scipiadaeque
479 249 612 294 duces,
631 262 797 299 quorum
815 249 959 286 devota
977 250 1188 299 triumphis
1271 253 1347 291 370

174 305 329 340 moenia
349 303 533 340 Romanis
553 303 723 352 Libycae
744 302 998 352 Karthaginis
1015 303 1190 343 horrent.

227 360 252 377 “
265 356 329 392 Illi
348 356 465 393 laude
485 369 553 393 sua
572 360 758 406 vigeant:
786 369 861 405 ego
882 356 987 394 Ditis
1005 369 1146 406 opacos

173 423 292 459 cogor
309 410 418 446 adire
437 409 556 456 lacus,
577 410 727 456 viduos,
745 422 779 455 a,
799 410 949 447 lumine
966 409 1128 456 Phoebi,

173 468 215 500 et
229 469 382 500 vastum
399 463 693 513 Phlegethonta
708 465 803 512 pati,
814 476 905 513 quc,
916 465 1085 501 maxime
1097 464 1239 512 Minos,

172 516 439 554 conscelerata
457 520 520 566 pia
539 517 728 554 discernis
748 516 902 553 vincula
921 517 1026 554 sede.
1269 521 1344 558 375

172 583 267 620 ergo
285 573 362 607 iam
381 583 537 607 causam
555 573 703 616 mortis,
723 573 799 606 iam
819 570 951 607 dicere
970 573 1075 607 vitae

172 624 399 661 verberibus
418 637 556 661 saevae
576 629 723 673 cogunt
743 624 815 660 sub
833 623 963 660 iudice
984 624 1153 670 Poenae,

171 690 261 714 cum
280 677 378 714 mihi
396 683 441 714 tu
461 680 512 714 sis
531 690 646 714 causa
664 677 769 723 mali,
789 690 864 714 nec
883 680 1059 714 conscius
1077 677 1204 722 adsis;

171 730 241 767 sed
261 731 530 767 tolerabilibus
550 733 651 767 curis
671 730 768 767 haec
787 733 993 767 immemor
1011 730 1122 768 audis

171 789 214 821 et
232 789 368 821 tamen
385 789 433 821 ut
449 784 581 829 vades,
601 784 779 821 dimittes
797 787 929 820 omm'a
949 786 1086 821 ventis.
1267 789 1344 823 380

171 837 370 887 digredior
388 851 603 887 numquam
622 837 841 874 rediturus:
869 843 915 874 tu
934 837 1019 874 cole
1038 837 1192 874 fontem

171 896 213 928 et
233 891 364 928 viridis
383 904 588 927 nemorum
609 891 723 928 silvas
743 896 785 928 et
803 904 946 940 pascua
963 890 1115 935 laetus3

171 949 213 982 et
230 957 319 981 mea
338 945 495 981 diffusas
514 947 714 993 rapiantur
733 944 838 980 dicta
857 957 928 993 per
947 944 1095 980 auras.’'

170 998 270 1034 dixit
290 1003 331 1035 et
351 1003 527 1035 extrema
546 1001 669 1035 tristis
689 1011 777 1034 cum
796 1011 891 1034 voce
910 1000 1082 1034 recessit.

223 1052 345 1088 Hunc
364 1052 431 1088 ubi
449 1051 660 1088 sollicitum
679 1051 829 1088 dimisit
846 1053 989 1088 inertia
1009 1054 1125 1096 xitae,
1266 1056 1340 1089 385

168 1107 333 1142 interius
351 1107 525 1154 graviter
542 1109 831 1154 regementem,
849 1117 924 1141 nec
942 1103 1038 1141 tulit
1056 1104 1159 1141 ultra

168 1159 346 1195 sensibus
365 1157 539 1194 infusum
559 1158 701 1194 Culicis
721 1157 771 1194 de
790 1162 918 1195 morte
936 1157 1127 1203 dolorem,

168 1217 531 1261 quantumcumque
551 1212 625 1248 sibi
644 1214 743 1248 vires
762 1212 937 1248 tribuere
955 1210 1100 1248 seniles

170 1268 271 1315 (quis
285 1271 421 1302 'tamen
435 1265 625 1301 infestum
639 1277 821 1314 pugnans
835 1264 1036 1302 devicerat
1048 1264 1236 1313 hostem),

168 1322 292 1356 rivum
310 1324 474 1368 propter
491 1331 616 1368 aquae
635 1318 749 1355 viridi
768 1319 840 1355 sub
860 1318 999 1354 fronde
1017 1317 1212 1355 latentem
1265 1322 1340 1361 390

167 1372 410 1409 consumare
421 1372 551 1408 locum
565 1374 669 1421 capit
681 1374 860 1421 impiger.
899 1371 1006 1408 hunc
1019 1377 1061 1409 et
1071 1374 1112 1408 in
1126 1371 1261 1408 orbem

168 1494 177 1513 ι
209 1451 254 1470 ³⁶³
277 1450 532 1498 Flan](m)injus
559 1449 620 1480 has
638 1449 790 1489 perhaps
814 1447 1017 1488 szepplamed
1046 1447 1226 1487 Caecilius,
1255 1450 1340 1481 read

167 1494 424 1567 dyavliossgssgnis
467 1535 537 1567 Vr:
576 1535 706 1576 rapidis
737 1535 876 1567 SFUL:
911 1534 1064 1576 vepretis
1094 1534 1240 1575 Haupt:
1275 1534 1339 1566 sub

165 1581 196 1611 la
210 1581 276 1610 ‘fids
292 1579 387 1610 Ellis.

201 1592 253 1642 ¹³⁷¹*
276 1623 423 1653 maxime
439 1621 585 1653 Xodell:
608 1621 765 1652 maxima..
836 1620 882 1640 ³⁷⁵
904 1620 1078 1652 discernit.

207 1666 252 1685 ³⁷⁶
275 1675 356 1706 ergo
370 1675 495 1706 quam.
518 1689 525 1696 .
547 1689 553 1696 .
573 1665 642 1695 iam
659 1670 705 1696 n:
729 1665 796 1695 iam
814 1688 822 1696 .
842 1688 850 1696 .
871 1689 878 1696 .
899 1664 968 1694 iam
990 1664 1129 1704 Heyne:
1149 1673 1252 1704 quom
1271 1689 1277 1696 .
1300 1688 1307 1696 .
1326 1690 1332 1695 .

165 1717 236 1740 tum
256 1708 349 1740 Ellis.

206 1752 250 1771 ³⁷⁹
274 1750 490 1783 tolerabilius
506 1760 612 1781 cures.
637 1749 730 1781 Ellis.
772 1749 894 1781 audis?
910 1749 1006 1781 Ellis.

205 1794 251 1813 ⁸⁸⁰
274 1799 309 1825 et
333 1798 448 1825 tamen
476 1797 517 1824 ut
541 1792 640 1824 radis
667 1798 714 1825 n:
746 1797 782 1823 et
805 1803 905 1824 mane
927 1797 969 1823 ut
989 1791 1095 1823 vades
1120 1791 1267 1824 Usener:
1297 1796 1338 1824 ut

163 1843 278 1869 tamen
301 1836 452 1867 audieris
475 1835 583 1867 Ellis:
605 1839 642 1867 et
663 1839 803 1874 temere,
828 1840 871 1867 ut.
891 1834 1008 1873 vadeS‚
1026 1834 1184 1866 dimittes
1206 1835 1337 1866 somnia

164 1881 277 1912 ventis
293 1880 323 1911 B
327 1879 428 1910 uscha.

205 1923 251 1943 ³⁸¹
272 1922 403 1954 fontem
421 1926 461 1953 1¹:
487 1921 600 1952 fontes
616 1921 682 1955 (is‘.

204 1965 249 1985 *Β*
271 1965 421 2005 Scaliger
431 1964 555 2005 placed
570 1964 659 2004 aster
674 1964 745 1996 380.
795 1967 831 1995 et
846 1968 892 1996 a:
916 1968 952 1994 at
973 1963 1099 2003 Heyne,

166 2015 238 2046 400
