1399 2271
660 51 852 89 VIRGIL

165 150 258 186 ergo
271 142 312 174 et
324 150 440 187 quam
452 140 601 187 petitis,
616 140 747 174 iuncta
762 143 823 174 est
835 138 930 174 mihi
942 137 1103 175 foedere
1115 137 1268 183 dextra,

164 201 218 241 et,
238 196 302 232 lux
324 209 413 232 cum
432 199 601 245 primum
620 199 735 233 terris
754 209 794 233 se
815 199 983 233 crastina
1002 195 1158 242 reddet,
1264 197 1336 234 170

162 254 306 291 auxilio
324 254 449 291 laetos
467 254 665 291 dimittam
685 255 902 304 opibusque
922 255 1071 291 iuvabo.

163 316 315 349 interea
334 327 440 350 sacra
459 313 569 358 haec,
591 313 747 363 quando
768 313 844 350 huc
864 316 1025 350 venistis
1043 316 1169 359 amici,

162 385 304 417 annua,
325 385 424 421 quae
445 371 600 408 differre
621 371 744 418 nefas,
765 372 963 409 celebrate
983 372 1163 410 faventes

163 431 364 466 nobiscum
378 436 419 467 et
432 433 507 466 iam
521 444 625 466 nunc
639 433 829 467 sociorum
842 431 1061 468 adsuescite
1075 430 1257 468 mensis.”

219 489 330 525 Haec
350 490 415 525 ubi
436 489 553 534 dicta,
574 489 695 538 dapes
714 490 826 526 iubet
845 495 887 526 et
907 490 1060 526 sublata
1079 491 1215 539 reponi
1267 491 1337 529 175

163 549 301 598 pocula
320 551 601 598 gramineoque
622 552 722 585 viros
740 549 844 586 locat
863 552 946 598 ipse
966 549 1080 586 sedili

163 610 495 658 praecipuumque
515 613 600 644 toro
622 613 663 644 et
682 608 805 644 villosi
826 608 932 656 pelle
952 608 1076 646 leonis

162 669 305 716 accipit
324 666 488 703 Aenean
510 667 684 715 solioque
705 669 847 704 invitat
865 680 1019 704 acerno.

163 730 247 762 tum
267 725 360 762 lecti
381 727 542 762 iuvenes
562 728 744 763 certatim
763 739 932 776 araeque
952 726 1131 763 sacerdos

162 786 309 820 viscera
321 788 423 820 tosta
436 783 571 821 ferunt
583 789 795 830 taurorum,
805 790 1050 835 onerantque
1064 788 1242 823 canistris
1266 790 1338 823 180

162 842 263 879 dona
284 843 482 880 laboratae
502 842 666 889 Cereris,
688 843 965 893 Bacchumque
984 846 1223 881 ministrant.

162 903 332 937 vescitur
352 901 507 937 Aeneas
527 901 640 938 simul
662 906 704 938 et
723 901 889 937 Troiana
908 904 1092 939 iuventus

161 962 343 1009 perpetui
364 965 477 1009 tergo
496 960 604 996 bovis
625 965 666 996 et
685 960 909 997 lustralibus
930 964 1041 997 extis.

215 1019 426 1068 Postquam
446 1023 630 1067 exempta
650 1018 773 1055 fames
798 1023 840 1055 et
861 1032 970 1055 amor
990 1033 1232 1069 compressus

267 1076 427 1122 edendss

161 1149 229 1173 rex
249 1135 455 1172 Euandrus
473 1138 551 1172 ait:
581 1140 605 1157 “
618 1148 696 1171 non
717 1135 814 1172 haec
833 1136 1038 1173 sollemnia
1056 1137 1182 1184 nobis,
1265 1142 1336 1175 185

161 1195 229 1231 has
249 1208 297 1232 ex
316 1207 423 1231 more
443 1194 576 1243 dapes,
596 1194 697 1230 hanc
717 1198 819 1231 tanti
840 1198 1010 1232 numinis
1029 1208 1135 1231 aram

160 1266 259 1289 vana
279 1256 505 1302 superstitio
525 1258 783 1302 veterumque
804 1256 939 1303 ignara
960 1254 1123 1291 deorum

160 1314 367 1360 imposuit:
395 1314 532 1357 saevis,
551 1312 692 1361 hospes
712 1312 892 1358 Troiane,
913 1313 1069 1362 periclis

159 1373 301 1406 servati
322 1370 484 1407 facimus
503 1373 743 1420 meritosque
763 1384 951 1407 novamus
970 1371 1149 1408 honores.

159 1431 234 1464 iam
255 1431 423 1478 primum
443 1431 543 1465 saxis
563 1442 791 1477 suspensam
811 1429 912 1465 hanc
932 1433 1062 1479 aspice
1078 1444 1231 1480 rupem,
1264 1435 1336 1474 190

159 1487 345 1524 disiectae
365 1487 500 1536 procul
520 1493 564 1523 ut
583 1488 706 1524 moles
726 1488 961 1538 desertaque
981 1491 1127 1525 montis

158 1551 237 1582 stat
256 1545 394 1582 domus
415 1550 456 1582 et
475 1546 623 1594 scopuli
644 1549 851 1595 ingentem
871 1552 1026 1584 traxere
1047 1550 1210 1584 ruinam.

158 1604 222 1641 hic
241 1604 427 1653 spelunca
447 1603 535 1649 fuit,
555 1609 664 1641 vasto
684 1610 879 1642 summota
898 1618 1067 1652 recessu,

158 1663 424 1700 semihominis
445 1662 534 1700 Caci
555 1662 672 1700 facies
692 1677 809 1713 quam
829 1664 913 1700 dira
932 1665 1111 1711 tenebat,

158 1722 248 1758 solis
267 1724 504 1758 inaccessam
523 1722 664 1766 radiis;
693 1735 927 1772 semperque
948 1726 1098 1761 recenti
1263 1728 1333 1768 195

157 1780 278 1817 caede
298 1780 464 1829 tepebat
482 1779 638 1826 humus,
658 1780 884 1830 foribusque
904 1781 1031 1818 adfixa
1051 1784 1230 1832 superbis

156 1851 222 1875 ora
241 1841 365 1875 virum
386 1841 488 1875 tristi
509 1839 739 1887 pendebant
759 1840 905 1888 pallida
925 1841 1028 1878 tabo.

327 1907 370 1927 ¹⁸⁰
394 1907 535 1938 canistri
553 1909 590 1939 R.
786 1909 830 1928 ¹⁹⁰
853 1908 986 1949 pridem
1004 1910 1043 1941 R.

326 1949 370 1970 ²⁹¹
393 1949 546 1981 deiectae
564 1951 602 1983 R.
786 1950 830 1972 1⁹⁴
854 1951 994 1993 tegebat
1010 1951 1156 1994 ΜἹΡΕγ.

157 1996 206 2032 72
