1399 2271
677 87 868 125 VIRGIL

184 189 258 213 nec
270 177 345 212 iam
357 175 565 213 sufficiunt.
595 189 685 212 nam
698 189 774 226 qua
789 176 928 225 globus
941 178 1122 214 imminet
1134 179 1287 227 ingens,

185 232 395 266 immanem
415 229 556 266 Teucri
576 229 720 266 molem
742 229 982 279 volvuntque
1003 236 1212 280 ruuntque,
1283 230 1358 269 516

184 295 283 332 quae
301 285 440 320 stravit
461 282 626 320 Rutulos
646 283 725 319 late
740 296 1012 332 armorumque
1034 284 1194 321 resolvit

184 338 370 385 tegmina.
427 349 501 373 nec
520 341 659 373 curant
679 349 794 373 caeco
814 336 1056 373 contendere
1079 337 1208 375 Marte

183 389 349 438 amplius
367 389 535 427 audaces
557 389 704 436 Rutuli,
724 389 794 427 sed
814 389 964 440 pellere
984 390 1085 427 vallo

183 443 392 480 missilibus
412 448 577 480 certant.
1282 449 1357 482 520

183 502 294 546 parte
313 496 388 533 alia
408 497 626 534 horrendus
644 499 727 534 visu
747 497 955 547 quassabat
976 497 1181 535 Etruscam

183 553 318 599 pinum
338 556 380 587 et
400 550 603 587 fumiferos
622 549 744 587 infert
765 551 988 587 Mezentius
1007 553 1133 600 ignis;

182 609 223 640 at
244 604 447 653 Messapus
467 617 611 654 equum
631 603 813 649 domitor,
835 604 1037 653 Neptunia
1057 604 1200 653 proles,

182 657 370 694 rescindit
389 657 533 694 vallum
554 662 596 694 et
615 657 736 694 scalas
756 660 796 694 in
815 660 970 694 moenia
991 661 1126 707 poscit.

235 710 325 756 Vos,
345 724 368 747 ο
388 711 574 760 Calliope,
595 723 744 760 precor,
763 710 960 760 adspirate
981 714 1152 756 canenti,
1281 715 1354 749 525

181 777 275 813 quas
294 765 348 801 ibi
368 769 453 801 tum
473 764 576 801 ferro
595 769 758 813 strages,
779 777 878 814 quae
899 764 1036 801 funera
1055 765 1210 801 Turnus

181 817 364 863 ediderit,
383 831 501 868 quem
522 820 687 868 quisque
707 820 831 854 virum
851 817 1056 855 demiserit
1077 818 1192 864 Orco,

181 876 222 908 et
240 885 395 908 mecum
414 874 589 921 ingentis
608 884 693 908 oras
713 871 882 908 evolvite
902 871 1006 908 belli.
1279 877 1352 910 528

230 925 363 962 Turris
383 930 468 962 erat
486 929 594 962 vasto
613 930 798 973 suspectu
819 929 861 962 et
880 925 1064 974 pontibus
1084 924 1186 971 altis,
1279 929 1354 962 530

179 984 399 1028 opportuna
419 978 515 1023 loco,
535 980 696 1015 summis
715 991 832 1028 quarn
851 979 996 1015 viribus
1016 991 1152 1015 omnes

179 1045 405 1081 expugnare
428 1031 517 1068 Itali
537 1044 766 1081 summaque
786 1036 964 1068 evertere
985 1044 1103 1080 opum
1125 1033 1161 1069 vi

178 1086 396 1131 certabant,
416 1085 536 1122 Troes
556 1090 692 1121 contra
711 1084 929 1121 defendere
949 1087 1049 1122 saxis

178 1151 326 1188 perque
346 1151 458 1175 cavas
477 1138 590 1175 densi
610 1138 690 1175 tela
710 1140 937 1188 intorquere
957 1138 1161 1175 fenestras.

178 1195 359 1241 princeps
377 1192 585 1229 ardentem
605 1194 775 1228 coniecit
794 1191 974 1241 lampada
994 1191 1149 1228 Turnus
1277 1196 1350 1229 535

178 1251 220 1282 et
238 1245 430 1282 flammam
452 1245 589 1282 adfixit
607 1244 734 1290 lateri,
755 1258 855 1294 quae
875 1244 1040 1294 plurima
1061 1250 1180 1282 vento
1273 1257 1351 1283 Mpn

177 1302 365 1349 corripuit
383 1298 536 1335 tabulas
557 1304 599 1335 et
618 1299 795 1347 postibus
815 1297 943 1335 haesit
961 1298 1099 1335 adesis.

178 1353 324 1389 turbati
344 1352 544 1401 trepidare
563 1354 671 1388 intus
690 1351 912 1401 frustraque
932 1351 1121 1388 malorum

177 1406 277 1443 velle
293 1405 438 1455 fugam.
487 1405 582 1442 dum
598 1417 639 1442 se
654 1404 878 1454 glomerant
893 1409 1077 1454 retroque
1094 1404 1273 1442 residunt

176 1462 215 1496 in
235 1464 402 1509 partem,
421 1471 520 1508 quae
541 1463 653 1508 peste
674 1463 794 1503 caret,
814 1463 899 1495 tum
919 1458 1093 1507 pondere
1114 1461 1230 1495 turris
1276 1464 1350 1496 540

175 1513 383 1562 procubuit
401 1512 532 1549 subito
551 1517 592 1548 et
612 1511 763 1548 caelum
783 1516 896 1548 tonat
915 1524 1031 1548 omne
1052 1511 1216 1560 fragore.

174 1569 391 1604 semineces
408 1565 457 1601 ad
477 1570 634 1610 terram,
654 1567 815 1601 immani
834 1564 937 1602 mole
956 1569 1103 1610 secuta,

174 1620 393 1669 confixique
412 1621 490 1656 suis
508 1618 599 1655 telis
619 1623 661 1655 et
678 1623 839 1667 pectora
858 1618 955 1654 duro

175 1673 375 1711 transfossi
395 1673 503 1721 ligno
523 1674 701 1708 veniunt.
757 1674 819 1707 vix
839 1684 939 1708 unus
961 1671 1140 1708 Helenor

174 1732 216 1764 et
238 1726 364 1776 Lycus
384 1726 527 1775 elapsi:
557 1738 721 1776 quorum
741 1727 963 1775 primaevus
984 1724 1176 1771 Helenor,
1272 1729 1346 1763 545

216 1870 259 1890 ⁵²⁴¹
284 1870 333 1910 in]
348 1869 392 1901 ad
408 1869 484 1909 1³7¹.

215 1913 259 1932 ⁵²⁹
281 1916 317 1944 et,
333 1912 537 1944 meministis
553 1912 655 1951 enim,
670 1912 781 1951 divae,
798 1916 834 1944 et
850 1923 1037 1945 memorare
1053 1914 1199 1956 potestis
1213 1917 1261 1954 (=
1280 1923 1339 1946 vu.

173 1957 245 1993 645)
262 1955 357 1995 yiven
372 1955 413 1996 by
429 1956 467 1994 R,
488 1956 542 1987 buc
559 1956 694 1987 omitted
709 1956 750 1996 by
765 1960 847 1988 most
863 1957 958 1988 MSS.

215 1998 258 2018 ⁶³⁷
282 1997 393 2029 adesis
411 1997 533 2038 AFP7:
556 1998 712 2030 adliacsis
730 1998 798 2029 w:
822 1998 975 2031 adhessis
993 2000 1030 2031 R.

182 2047 250 2080 148
