1399 2271
603 45 756 82 VIRGI
762 45 794 82 L

111 136 261 170 saucius
281 146 359 179 ora,
379 135 537 182 ruitque
557 132 769 182 implorans
789 135 948 170 nomine
968 132 1166 170 Turnum:

112 200 135 216 “
146 195 292 241 Turne,
311 197 353 231 in
372 200 415 232 te
435 207 617 244 suprema
636 194 763 239 salus;
791 197 977 232 miserere
996 200 1164 232 tuorum.

111 257 295 294 fulminat
314 257 470 293 Aeneas
489 259 606 293 armis
626 269 876 306 summasque
894 259 1068 293 minatur

110 319 358 356 deiecturum
376 331 484 355 arces
506 318 651 356 Italum
670 318 902 367 excidioque
922 317 1119 364 daturum,
1210 317 1284 356 655

110 384 266 430 iamque
285 380 390 417 faces
409 379 459 417 ad
478 385 586 417 tecta
605 378 749 417 volant.
806 382 848 415 in
865 384 908 416 te
927 393 994 416 ora
1014 379 1158 425 Latini,

110 445 151 479 in
170 447 212 479 te
232 441 363 478 oculos
383 441 586 485 referunt;
613 445 763 478 mussat
782 454 851 478 rex
870 444 954 491 ipse
975 440 1152 486 Latinus,

110 517 206 554 quos
221 516 388 553 generos
404 509 518 540 vocet
532 508 601 540 aut
617 515 717 552 quae
733 515 819 539 sese
833 502 883 539 ad
899 501 1059 539 foedera
1071 502 1215 540 flectat.

109 570 313 615 praeterea
333 568 483 614 regina,
502 568 561 602 tui
582 564 778 609 fidissima,
799 563 938 601 dextra

109 628 253 664 occidit
272 630 356 677 ipsa
374 640 442 664 sua
461 627 670 676 lucemque
691 628 880 663 exterrita
898 625 1012 675 fugit.
1212 625 1288 663 660

110 689 181 725 soli
199 702 269 738 pro
288 691 412 738 portis
431 688 637 737 Messapus
658 692 700 725 et
718 700 808 724 acer
828 688 968 724 Atinas

110 755 337 787 sustentant
351 753 464 787 acies.
505 753 651 786 circum
666 749 737 786 hos
752 752 951 799 utrimque
966 749 1183 799 phalanges

110 817 218 849 stant
237 812 384 848 densae
403 815 628 861 strictisque
647 824 761 860 seges
780 812 1031 848 mucronibus
1050 812 1185 848 horret

109 873 258 911 ferrea:
287 880 330 911 tu
352 887 507 910 currum
527 873 686 910 deserto
705 875 746 908 in
765 875 943 922 gramine
963 874 1130 910 versas.‘'

109 937 301 985 obstipuit
320 939 423 972 varia
442 935 627 972 confusus
647 938 819 984 imagine
839 947 970 972 rerum
1212 934 1287 973 665

109 997 264 1034 Turnus
284 1002 326 1034 et
345 998 487 1034 obtutu
507 999 630 1034 tacito
649 999 786 1040 stetit;
815 1001 971 1033 aestuat
990 999 1131 1046 ingens

110 1072 188 1096 uno
208 1062 249 1096 in
270 1059 386 1096 corde
407 1058 533 1108 pudor
552 1062 756 1108 mixtoque
775 1061 927 1096 insania
946 1058 1055 1096 luctu

110 1129 152 1160 et
171 1123 282 1160 furiis
302 1125 476 1172 agitatus
495 1135 603 1159 amor
624 1128 666 1159 et
686 1125 839 1159 conscia
858 1125 992 1159 virtus.
1212 1135 1289 1160 mpv

109 1191 153 1222 ut
167 1188 338 1235 primum
353 1185 550 1222 discussae
566 1185 727 1221 umbrae
741 1189 782 1221 et
797 1184 864 1220 lux
877 1184 1033 1221 reddita
1044 1188 1182 1231 menti,

109 1247 284 1284 ardentis
305 1246 506 1283 oculorum
526 1247 629 1283 orbis
649 1246 700 1282 ad
719 1249 875 1282 moenia
894 1249 1010 1283 torsit
1213 1245 1288 1286 670

108 1309 289 1346 turbidus
309 1321 410 1358 eque
429 1311 525 1344 rotis
544 1321 729 1357 magnam
749 1310 924 1356 respexit
944 1308 993 1344 ad
1013 1308 1160 1345 urbem.

162 1370 267 1408 Ecce
285 1375 420 1407 autem
439 1370 604 1406 flammis
623 1373 729 1406 inter
748 1369 925 1406 tabulata
946 1370 1101 1407 volutus

109 1431 158 1468 ad
178 1431 330 1469 caelum
348 1431 526 1468 undabat
546 1436 684 1468 vertex
703 1433 922 1480 turrimque
942 1431 1119 1476 tenebat,

108 1496 260 1539 turrim,
282 1495 496 1543 compactis
515 1493 692 1529 trabibus
712 1505 829 1542 quam
850 1491 1042 1530 eduxerat
1060 1496 1144 1542 ipse

109 1555 418 1606 subdideratque
438 1560 543 1592 rotas
563 1557 774 1605 pontisque
795 1557 1031 1592 instraverat
1049 1555 1160 1593 altos.
1212 1554 1287 1595 675

109 1621 222 1654 “iam
241 1620 319 1654 iam
338 1617 433 1663 fata,
452 1629 571 1662 soror,
591 1621 803 1666 superant:
831 1617 977 1654 absiste
996 1620 1160 1662 morari;

107 1692 184 1729 quo
203 1679 301 1716 deus
322 1684 364 1716 et
382 1692 459 1729 quo
479 1679 577 1716 dura
596 1684 710 1716 vocat
730 1679 917 1725 Fortuna,
938 1692 1157 1730 sequamur.

107 1746 186 1778 stat
200 1741 378 1778 conferre
393 1754 554 1778 manum
570 1741 746 1787 Aeneae,
760 1746 852 1787 stat,
866 1741 1058 1792 quidquid
1071 1743 1200 1779 acerbi
1213 1748 1286 1788 est,

104 1809 232 1840 morte
248 1806 330 1852 pati
345 1816 353 1845 3
374 1815 504 1853 neque
517 1815 581 1840 me
594 1802 834 1848 indecorem,
848 1815 1049 1852 germana,
1062 1803 1213 1841 videbis

104 1865 281 1914 amplius.
313 1864 430 1910 hunc,
444 1877 524 1909 oro,
538 1867 622 1901 sine
635 1877 698 1901 me
712 1864 842 1901 furere
855 1870 950 1901 ante
963 1864 1173 1903 furorem.”
1209 1864 1285 1903 680

108 1999 129 2032 3
190 1951 235 1971 ⁶⁶²
256 1952 364 1982 aciem
380 1951 419 1981 P.
509 1950 553 1969 “⁶
577 1951 618 1989 cs.
640 1959 672 1982 Χ.
692 1951 796 1990 870f.
897 1950 941 1970 ⁶⁷⁷
964 1961 1031 1992 qua
1048 1951 1133 1983 dura
1152 1952 1189 1984 P.

134 2000 183 2032 44
