1399 2271
621 36 812 74 VIRGIL

126 125 353 175 caelataque
372 137 529 161 amnem
550 123 721 161 fundens
740 129 853 174 pater
874 123 1042 160 Inachus
1062 136 1168 159 urna.

126 186 344 234 insequitur
362 184 518 221 nimbus
538 183 718 234 peditum
737 183 984 233 clipeataque
1003 185 1097 220 totis

125 245 281 293 agmina
300 243 519 280 densentur
539 246 697 292 campis,
718 243 943 293 Argivaque
963 243 1087 292 pubes

127 303 413 352 Auruncaeque
433 315 584 348 manus,
607 301 742 338 Rutuli
762 307 996 351 veteresque
1017 301 1147 338 Sicani
1227 302 1301 342 795

125 367 166 398 et
184 361 376 399 Sacranae
396 364 498 398 acies
519 367 560 398 et
580 363 675 410 picti
696 366 806 397 scuta
827 360 985 404 Labici3

124 423 190 470 qui
209 421 343 467 saltus,
364 420 564 466 Tiberine,
583 426 672 457 tuos
692 433 924 470 sacrumque
946 420 1102 456 Numici

124 479 216 517 litus
236 485 348 517 arant
372 479 615 530 Rutulosque
636 485 826 516 exercent
845 492 1002 516 vomere
1023 478 1131 515 collis

123 539 404 589 Circaeumque
424 542 572 588 iugum,
593 542 680 588 quis
702 539 882 588 Iuppiter
900 539 1086 575 Anxurus
1105 540 1205 574 arvis

123 598 321 647 praesidet
342 603 384 635 et
404 598 515 634 viridi
535 598 714 647 gaudens
737 598 902 634 Feronia
921 597 1033 641 luco;
1227 601 1302 633 800

121 671 197 707 qua
217 657 381 695 Saturae
401 658 504 694 iacet
523 663 606 694 atra
626 657 736 706 palus
756 657 990 706 gelidusque
1011 669 1082 706 per
1100 658 1196 693 imas

121 720 275 767 quaerit
291 720 366 753 iter
387 717 496 753 vallis
516 722 636 766 atque
658 719 697 752 in
718 729 824 753 mare
844 716 1028 753 conditur
1050 715 1186 752 Ufens.

174 776 260 812 Hos
280 788 398 824 super
415 775 579 812 advenit
599 775 740 811 Volsca
759 775 809 812 de
829 779 951 823 gente
972 774 1146 820 Camilla,

120 847 263 884 agmen
282 847 405 883 agens
426 836 604 883 equitum
625 839 667 870 et
688 833 862 870 florentis
880 846 971 870 aere
992 838 1181 880 catervas,

120 893 315 938 bellatrix,
335 905 415 928 non
435 892 502 928 illa
521 892 606 928 colo
627 891 840 928 calathisve
862 892 1066 929 Minervae
1224 897 1297 930 805

120 952 310 991 femineas
329 952 493 988 adsueta
513 964 664 997 manus,
685 951 754 988 sed
775 950 923 1000 proelia
944 953 1052 999 virgo

118 1011 215 1048 dura
234 1014 315 1060 pati
337 1023 530 1060 cursuque
551 1010 698 1059 pedum
718 1015 967 1060 praevertere
988 1015 1137 1047 ventos.

118 1071 184 1106 illa
202 1070 263 1107 vel
284 1073 457 1106 intactae
479 1072 626 1118 segetis
646 1081 716 1118 per
736 1081 887 1105 summa
907 1068 1056 1105 volaret

117 1132 292 1179 gramina
312 1142 385 1165 nec
406 1134 563 1165 teneras
583 1142 695 1165 cursu
717 1128 895 1165 laesisset
913 1131 1062 1173 aristas,

118 1188 177 1225 vel
198 1201 304 1224 mare
325 1201 395 1237 per
413 1188 588 1224 medium
608 1187 728 1225 fluctu
750 1200 936 1237 suspensa
956 1189 1129 1224 tumenti
1221 1192 1295 1224 810

116 1247 238 1284 ferret
262 1249 337 1283 iter
356 1247 494 1283 celeris
515 1260 588 1283 nec
608 1249 812 1295 tingueret
832 1259 1001 1296 aequore
1022 1246 1189 1295 plantas.

115 1306 222 1342 illam
242 1308 367 1342 omnis
388 1308 505 1342 tectis
524 1308 707 1354 agrisque
729 1305 849 1341 effusa
869 1307 1052 1341 iuventus

115 1365 307 1414 turbaque
327 1366 491 1400 miratur
510 1369 681 1399 matrum
702 1368 742 1400 et
764 1369 990 1412 prospectat
1011 1369 1187 1410 euntem,

114 1425 293 1460 attonitis
313 1421 468 1458 inhians
486 1424 638 1467 animis,
659 1427 704 1458 ut
725 1425 855 1471 regius
875 1427 981 1459 ostro

114 1481 221 1519 velet
243 1481 363 1518 honos
382 1481 479 1517 levis
500 1493 667 1526 umeros,
688 1485 732 1517 ut
751 1480 869 1517 fibula
889 1483 1037 1518 crinem
1218 1486 1290 1519 815

113 1553 206 1577 auro
221 1543 474 1584 internectat,
494 1539 652 1588 Lyciam
669 1544 713 1576 ut
733 1545 846 1587 gerat
862 1542 944 1588 ipsa
959 1539 1185 1589 pharetram

114 1604 156 1635 et
174 1598 409 1648 pastoralem
431 1597 600 1646 praefixa
621 1597 782 1646 cuspide
802 1603 989 1647 myrtum.

390 1692 434 1712 ⁸¹⁴
459 1692 608 1731 inhians]
625 1692 762 1723 haesere
779 1691 858 1731 1²7¹,
875 1692 918 1731 cs.
938 1693 1010 1723 529.

115 1989 162 2023 58
