1399 2271
657 51 847 87 VIRGIL

163 141 186 158 “
199 151 295 188 quos
307 139 401 175 ahos
414 150 555 183 muros,
569 150 669 188 quae
681 141 757 174 iam
771 138 873 174 ultra
886 140 1041 174 moenia
1053 137 1233 173 habetis?

164 210 262 234 unus
282 197 399 234 homo
419 203 461 234 et
480 199 631 242 vestris,
651 210 674 233 ο
693 199 811 242 cives,
830 197 1004 246 undique
1025 202 1183 245 saeptus

162 257 372 305 aggeribus
391 261 522 293 tantas
542 261 692 304 strages
711 258 872 304 impune
893 269 963 305 per
982 256 1120 292 urbem

163 315 359 352 ediderit?
389 318 575 351 iuvenum
595 317 740 364 primos
758 319 821 351 tot
838 317 991 351 miserit
1009 314 1140 351 Orco?
1260 314 1334 352 785

164 388 242 410 non
261 373 430 411 infelicis
450 376 599 423 patriae
621 379 879 423 veterumque
898 373 1061 410 deorum

163 440 205 471 et
224 436 357 483 magni
377 434 553 479 Aeneae,
572 445 727 481 segnes,
746 435 985 481 miseretque
1006 431 1208 481 pudetque
1223 431 1236 467 ?
1251 429 1271 442 ''

216 493 375 529 Talibus
393 494 548 528 accensi
568 491 772 528 firmantur
792 496 833 528 et
852 493 1009 540 agmine
1030 491 1153 527 denso

164 555 394 589 consistunt.
451 551 606 587 Turnus
625 550 814 600 paulatim
834 550 1028 587 excedere
1047 563 1181 598 pugna

164 618 204 649 et
225 611 382 648 fiuvium
402 616 539 660 petere
559 624 603 646 ac
622 615 790 659 partem,
808 622 909 659 quae
928 611 1100 657 cingitur
1116 608 1230 645 unda.
1262 611 1337 651 790

163 674 287 708 acrius
306 670 379 706 hoc
399 670 540 706 Teucri
560 668 728 705 clamore
746 669 974 704 incumbere
994 681 1137 716 magno

164 736 205 767 et
224 730 442 779 glomerare
462 741 634 772 manum,
656 740 726 764 ceu
747 740 906 764 saevum
925 727 1040 763 turba
1059 727 1215 763 leonem

164 803 253 826 cum
271 788 362 826 telis
381 789 526 836 premit
546 786 710 823 infensis
726 799 734 822 :
762 791 803 822 at
822 788 984 823 territus
1003 785 1084 831 ille,

163 862 289 898 asper,
307 848 447 883 acerba
467 851 595 891 tuens,
616 851 721 882 retro
741 845 846 882 redit
866 850 908 881 et
927 858 1057 894 neque
1078 850 1190 894 terga

164 912 219 945 ira
237 908 330 944 dare
350 911 418 942 aut
439 908 559 942 virtus
580 908 740 954 patitur,
760 918 834 941 nec
854 904 1021 941 tendere
1041 910 1178 941 contra
1263 907 1337 948 795

165 967 229 1003 ille
243 966 402 1016 quidem
417 965 489 1001 hoc
502 966 664 1012 cupiens
676 966 779 1013 potis
793 969 853 1000 est
867 976 937 1012 per
949 963 1030 1000 tela
1044 966 1232 1014 virosque.

165 1026 268 1061 haud
289 1025 404 1061 aliter
422 1029 528 1060 retro
547 1023 690 1060 dubius
711 1025 874 1072 vestigia
894 1022 1050 1059 Turnus

164 1088 428 1133 improperata
448 1082 572 1119 refert
592 1087 633 1119 et
652 1095 764 1118 mens
785 1087 990 1119 exaestuat
1008 1084 1074 1118 ira.

164 1146 259 1193 quin
279 1145 399 1178 etiam
418 1142 476 1177 bis
495 1146 581 1177 tum
600 1140 750 1177 medios
770 1143 967 1177 invaserat
985 1139 1121 1186 hostis,

166 1204 222 1239 bis
242 1201 403 1238 confusa
421 1200 516 1248 fuga
534 1213 605 1248 per
623 1212 753 1236 muros
773 1202 931 1248 agmina
951 1202 1093 1236 vertit:
1265 1205 1340 1237 800

165 1261 233 1298 sed
252 1272 390 1296 manus
412 1272 433 1296 e
453 1261 588 1294 castris
608 1271 773 1307 propere
795 1261 874 1295 coit
892 1261 1017 1295 omnis
1037 1261 1077 1294 in
1098 1273 1234 1305 unum,

165 1333 238 1356 nec
260 1323 396 1354 contra
417 1319 505 1353 viris
525 1316 648 1352 audet
668 1316 851 1352 Saturnia
873 1316 971 1352 Iuno

165 1378 362 1415 sufficere:
389 1378 533 1412 aeriam
554 1375 662 1411 caelo
681 1388 772 1411 nam
793 1375 972 1424 Iuppiter
993 1376 1084 1411 Irim

165 1437 336 1480 demisit,
355 1448 566 1484 germanae
587 1433 692 1470 haud
711 1433 843 1469 mollia
863 1436 964 1470 iussa
984 1433 1194 1481 ferentem,

165 1498 205 1531 ni
225 1495 379 1531 Turnus
399 1493 516 1530 cedat
534 1492 774 1529 Teucrorum
793 1493 998 1528 moenibus
1017 1493 1116 1529 altis.
1265 1499 1338 1532 805

165 1568 259 1604 ergo
279 1567 353 1590 nec
372 1553 499 1602 clipeo
519 1554 671 1588 iuvenis
691 1552 903 1588 subsistere
923 1557 1079 1588 tantum

164 1627 238 1650 nec
257 1613 397 1649 dextra
416 1611 543 1648 valet:
572 1613 727 1647 iniectis
747 1612 801 1646 sic
822 1610 996 1659 undique
1015 1610 1105 1647 telis

164 1673 352 1709 obruitur.
409 1672 552 1719 strepit
570 1669 734 1706 adsiduo
754 1683 846 1705 cava
865 1675 1043 1718 tempora
1062 1671 1206 1706 circum

165 1733 312 1769 'tinnitu
333 1729 445 1778 galea
466 1734 507 1766 et
526 1731 627 1765 saxis
646 1727 770 1764 solida
789 1740 877 1764 aera
898 1727 1099 1773 fatiscunt,

164 1791 440 1838 discussaeque
460 1789 574 1824 iubae
595 1789 727 1835 capiti,
747 1799 821 1823 nec
840 1787 981 1823 sufficit
1001 1787 1118 1823 umbo
1263 1791 1338 1825 810

377 1891 422 1910 ⁷⁸²
444 1900 575 1931 quaeve
591 1889 684 1920 ultra
700 1889 775 1929 P71.
878 1889 923 1908 ⁷⁸⁶
947 1899 1057 1920 nonne
1073 1889 1133 1921 M‘.

377 1934 421 1954 ⁷⁸⁹
445 1943 579 1975 pugnae
595 1934 662 1965 Ple.
878 1932 922 1952 ⁷⁹³
945 1933 996 1972 ab]
1012 1943 1051 1963 ac
1067 1933 1146 1965 MR.

169 1995 240 2034 166
