1399 2271
641 96 830 132 VlRGIL

151 191 228 222 tam
248 198 384 222 saevae
405 185 537 230 facies,
557 189 618 221 tot
637 182 806 233 pullulat
825 188 910 219 atra
930 182 1108 218 colubris.
1247 186 1322 224 329

148 258 262 294 quam
285 245 383 280 Iuno
403 243 462 280 his
482 245 588 280 acuit
607 243 735 279 verbis
755 254 800 278 ac
820 241 914 278 talia
933 240 1062 278 fatur:
1241 253 1321 278 mnv

148 308 173 324 “
183 303 288 340 hunc
302 303 399 339 mihi
414 303 464 339 da
478 303 692 352 proprium,
705 303 815 350 virgo
830 305 914 338 sata
929 300 1069 346 Nocte,
1082 299 1269 346 laborem,

149 363 247 399 hanc
266 375 437 411 operam,
457 374 508 398 ne
528 366 663 398 noster
682 360 805 396 honos
824 359 1040 396 infractave
1060 359 1177 396 cedat

149 421 248 457 fama
266 421 364 467 loco,
385 434 462 458 neu
483 420 658 456 conubiis
677 420 827 456 ambire
848 418 1034 456 Latinum

149 479 358 517 Aeneadae
378 481 529 528 possint
550 478 718 515 Italosve
740 477 920 515 obsidere
940 478 1037 514 finis.

148 544 189 575 tu
209 544 322 588 potes
342 540 545 575 unanimos
565 549 715 574 armare
734 539 775 573 in
794 536 942 586 proelia
960 536 1102 574 fratres
1246 541 1319 574 335

146 603 264 647 atque
283 597 382 634 odiis
401 610 554 634 versare
574 596 721 642 domos,
742 601 786 633 tu
807 596 968 633 verbera
987 599 1105 633 tectis

148 656 405 705 funereasque
424 655 570 692 inferre
590 654 706 700 faces,
727 655 799 691 tibi
819 656 977 690 nomina
996 654 1117 700 mille,

146 715 251 751 mille
272 714 440 750 nocendi
459 719 574 750 artes.
632 713 846 750 fecundum
866 719 1032 750 concute
1052 718 1204 762 pectus,

145 774 264 809 disice
284 775 539 822 compositam
560 784 709 821 pacem,
730 785 815 808 sere
836 774 997 808 crimina
1015 773 1109 809 belli
1123 765 1134 816 '3

144 845 249 867 arma
263 831 359 868 velit
374 836 588 880 poscatque
603 830 717 867 simul
734 833 939 880 rapiatque
955 831 1177 868 iuventus.'’
1244 836 1319 868 340

197 890 310 927 Exim
331 889 550 938 Gorgoneis
571 889 728 926 Allecto
748 889 896 926 infecta
917 892 1078 927 venenis

144 950 334 998 principio
354 948 511 984 Latium
532 952 574 984 et
594 947 803 984 Laurentis
822 953 930 984 tecta
950 950 1108 998 tyranni

143 1007 245 1044 celsa
264 1009 379 1056 petit,
399 1009 643 1055 tacitumque
663 1006 818 1043 obsedit
837 1005 959 1042 limen
979 1007 1159 1052 Amatae,

142 1079 258 1115 quam
273 1078 390 1114 super
404 1064 578 1101 adventu
594 1064 790 1101 Teucrum
805 1064 1007 1115 Turnique
1022 1065 1252 1115 hymenaeis

144 1125 336 1161 femineae
356 1123 562 1160 ardentem
583 1136 777 1173 curaeque
797 1126 956 1174 iraeque
976 1126 1209 1174 coquebant.
1243 1130 1316 1163 345

144 1184 232 1220 huic
251 1184 325 1220 dea
344 1182 531 1220 caeruleis
551 1195 672 1219 unum
693 1183 743 1219 de
763 1183 933 1220 crinibus
953 1196 1123 1232 anguem

142 1245 297 1288 conicit,
317 1245 436 1291 inque
456 1244 583 1278 sinum
603 1241 831 1290 praecordia
849 1241 899 1278 ad
919 1243 1058 1278 intima
1077 1243 1224 1289 subdit,

141 1314 217 1351 quo
236 1300 447 1337 furibunda
465 1300 625 1336 domum
645 1305 820 1337 monstro
839 1303 1074 1349 permisceat
1094 1315 1261 1340 omnem.

141 1360 206 1396 ille
227 1362 331 1396 inter
350 1361 469 1396 vestis
489 1364 531 1395 et
549 1358 650 1395 levia
669 1363 828 1407 pectora
848 1358 977 1407 lapsus

143 1418 308 1454 volvitur
327 1423 477 1454 attactu
499 1417 607 1454 nullo
627 1417 807 1467 fallitque
827 1417 1041 1464 furentem,
1241 1425 1316 1458 350

142 1481 335 1526 vipeream
357 1479 547 1525 inspirans
566 1479 735 1512 animam
751 1489 760 1520 ;
788 1476 833 1513 fit
851 1477 985 1514 tortile
1005 1478 1105 1514 collo

140 1549 275 1572 aurum
295 1538 435 1585 ingens
455 1534 628 1581 coluber,
647 1535 691 1572 fit
710 1534 852 1584 longae
872 1538 1004 1572 taenia
1023 1539 1161 1584 vittae,
1260 1550 1315 1575 MR

141 1597 386 1644 innectitque
407 1607 534 1630 comas
555 1599 597 1631 et
615 1594 801 1630 membris
820 1593 992 1632 lubricus
1013 1601 1128 1634 errat.

140 1666 184 1690 ac
204 1653 297 1690 dum
318 1656 441 1702 prima
460 1652 545 1689 lues
566 1652 643 1689 udo
662 1653 844 1702 sublapsa
863 1666 1017 1691 veneno

139 1716 382 1760 pertemptat
402 1724 537 1748 sensus
557 1717 676 1761 atque
696 1713 846 1749 ossibus
865 1712 1043 1762 implicat
1062 1716 1209 1763 ignem,
1240 1719 1313 1753 355

140 1769 309 1807 necdum
329 1773 480 1807 animus
500 1775 585 1807 toto
605 1773 784 1820 percepit
803 1776 964 1820 pectore
983 1772 1192 1820 flammam,

139 1828 293 1866 mollius
313 1834 355 1866 et
373 1828 487 1865 solito
507 1834 676 1866 matrum
697 1829 747 1866 de
766 1843 873 1867 more
892 1829 1024 1868 locuta
1043 1837 1117 1878 est,

140 1887 262 1924 multa
277 1900 394 1937 super
408 1892 524 1924 natae
539 1887 745 1924 lacrimans
763 1888 1020 1940 Phrygiisque
1035 1889 1265 1941 hymenaeis
1280 1905 1288 1929 :

180 1957 225 1976 ³³⁰
250 1956 376 1996 verbis]
393 1956 495 1988 dictis
513 1958 572 1997 137.
698 1957 742 1977 ³³⁷
768 1968 847 1999 -que
863 1959 1000 1991 omitted
1017 1960 1058 2001 by
1081 1961 1117 1993 V.

141 1999 226 2080 05⁵¹
248 2000 381 2041 spirans
397 2000 434 2030 M
443 2000 477 2032 V.
558 2000 602 2020 ⁸⁵⁷
627 2003 678 2032 est
695 2001 830 2033 omitted
846 2002 887 2042 by
899 2002 983 2042 Μ’γῑ,
1063 2003 1109 2022 ³5⁸
1131 2007 1213 2035 nata
1230 2005 1269 2036 R.
