1399 2271
619 80 809 118 VIRGIL

127 168 277 203 Thraca
297 168 443 216 pedum
465 170 689 217 circumque
710 174 817 205 atrae
839 169 1072 206 Formidinis
1092 183 1158 206 ora
1226 175 1300 208 335

128 226 292 276 Iraeque
315 226 577 276 Insidiaeque,
597 227 660 263 dei
682 229 902 273 comitatus,
922 234 1116 276 aguntur:

126 284 213 321 talis
234 298 355 334 equos
374 285 501 321 alacer
522 285 652 322 media
671 288 774 322 inter
794 286 940 335 proelia
960 286 1114 324 Turnus

125 344 313 381 fumantis
334 344 474 381 sudore
495 347 637 394 quatit,
658 345 878 382 miserabile
899 348 1019 382 caesis

124 403 301 440 hostibus
320 403 536 440 insultans:
564 407 713 452 spargit
733 404 868 453 rapida
889 404 1035 453 ungula
1055 417 1159 441 rores

123 465 359 511 sanguineos
379 465 579 512 mixtaque
602 476 713 499 cruor
733 463 905 500 calcatur
925 463 1080 501 harena.
1224 468 1299 501 340

123 524 277 571 iamque
300 522 397 558 Neci
418 521 732 572 Sthenelumque
748 522 860 559 dedit
875 522 1193 573 Thamyrumque

230 581 487 630 Pholumque,

122 639 227 677 hunc
247 653 478 690 congressus
497 646 540 678 et
559 640 677 687 hunc,
698 641 808 677 illum
832 643 1009 686 eminus3
1040 644 1192 678 eminus

226 700 340 736 ambo

123 759 369 804 Imbrasidas,
390 759 583 796 Glaucum
609 764 728 809 atque
756 758 905 805 Laden,
926 772 1022 808 quos
1044 754 1190 796 Imbra-

226 831 289 855 sus
310 821 393 867 ipse

121 879 313 914 nutrierat
335 877 452 926 Lycia
474 878 710 927 paribusque
731 881 938 914 ornaverat
956 879 1084 922 armis,

121 935 180 972 vel
196 935 376 973 conferre
391 949 550 972 manum
566 935 628 973 vel
645 949 746 985 equo
762 940 1013 985 praevertere
1031 941 1179 973 ventos.
1220 940 1294 973 345

174 995 289 1031 Parte
308 994 383 1031 alia
402 994 532 1031 media
553 994 751 1031 Eumedes
772 996 811 1030 in
832 994 980 1042 proelia
1000 993 1137 1040 fertur,

118 1056 271 1103 antiqui
290 1053 419 1103 proles
438 1053 543 1090 bello
564 1053 762 1102 praeclara
782 1052 958 1099 Dolonis,

118 1116 277 1153 nomine
291 1127 406 1149 avum
418 1112 607 1158 referens,
621 1115 751 1149 animo
764 1113 1021 1161 manibusque
1035 1117 1255 1161 parentem,

118 1174 184 1221 qui
197 1172 408 1222 quondam,
422 1177 547 1208 castra
562 1177 604 1208 ut
620 1171 799 1207 Danaum
813 1171 1035 1220 speculator
1049 1171 1188 1217 adiret,

118 1243 232 1267 ausus
255 1230 413 1267 Pelidae
434 1232 605 1279 pretium
624 1230 697 1266 sibi
718 1243 877 1278 poscere
899 1242 1055 1267 currus:
1218 1234 1294 1266 350

117 1289 228 1325 illum
248 1289 420 1339 Tydides
441 1289 516 1325 alio
535 1302 605 1338 pro
624 1288 768 1325 talibus
787 1290 889 1325 ausis

116 1348 264 1385 adfecit
282 1350 423 1397 pretio,
444 1360 518 1384 nec
539 1349 648 1396 equis
668 1347 842 1395 adspirat
862 1346 1037 1384 Achillis.

117 1406 221 1443 hunc
241 1406 374 1455 procul
395 1411 438 1442 ut
459 1419 595 1454 campo
615 1405 770 1442 Turnus
790 1408 993 1454 prospexit
1012 1411 1162 1455 aperto,

116 1471 209 1503 ante
229 1466 304 1502 levi
325 1465 450 1502 iaculo
470 1465 633 1514 longum
653 1478 723 1513 per
743 1467 859 1501 inane
880 1469 1051 1512 secutus,

115 1528 219 1562 sistit
239 1538 358 1574 equos
378 1526 520 1573 biiugis
540 1529 582 1561 et
601 1537 714 1560 curru
737 1523 869 1560 desilit
889 1529 1008 1573 atque
1215 1529 1289 1563 355

117 1587 333 1621 semianimi
353 1583 541 1633 lapsoque
561 1585 801 1631 supervenit,
823 1588 864 1619 et
883 1583 986 1631 pede
1007 1583 1107 1619 collo

116 1646 305 1691 impresso
323 1642 486 1678 dextrae
506 1654 735 1677 mucronem
756 1645 968 1690 extorquet
987 1646 1029 1678 et
1048 1641 1128 1678 alto

115 1702 338 1751 fulgentem
350 1703 498 1750 tinguit
511 1700 644 1749 iugulo
658 1705 778 1749 atque
791 1699 888 1736 haec
901 1702 1060 1749 insuper
1071 1700 1201 1738 addit:

116 1765 202 1797 “en
222 1773 333 1808 agros
355 1765 396 1796 et
416 1773 533 1809 quam
553 1758 670 1804 bello,
690 1758 869 1804 Troiane,
890 1761 1038 1807 petisti,

117 1820 351 1868 Hesperiam
372 1820 513 1854 metire
533 1820 686 1854 iacens:
713 1817 810 1854 haec
830 1820 1013 1866 praemia,
1034 1820 1100 1867 qui
1120 1831 1182 1855 me
1213 1816 1287 1855 360

115 1877 217 1914 ferro
237 1879 318 1912 ausi
340 1881 547 1925 temptare,
568 1875 715 1921 ferunt,
736 1878 789 1912 sic
809 1878 964 1912 moenia
984 1876 1197 1913 condunt.’'

157 1982 200 2001 ³5⁶
224 1982 405 2023 elapsoque
420 1982 474 2020 Pl,
494 1980 637 2013 Servius.
728 1980 772 2000 ³⁵⁷
797 1991 955 2022 expresso
971 1981 1033 2014 ΑΡ.
1067 1981 1190 2013 dextra
1206 1982 1281 2022 R71.

116 2030 190 2063 322
