<?xml version="1.0" encoding="UTF-8"?>
<!DOCTYPE html PUBLIC "-//W3C//DTD XHTML 1.0 Transitional//EN"
    "http://www.w3.org/TR/xhtml1/DTD/xhtml1-transitional.dtd">
<html xmlns="http://www.w3.org/1999/xhtml" xml:lang="en" lang="en">
 <head>
  <title>
</title>
<meta http-equiv="Content-Type" content="text/html;charset=utf-8" />
  <meta name='ocr-system' content='tesseract 3.04.00' />
  <meta name='ocr-capabilities' content='ocr_page ocr_carea ocr_par ocr_line ocrx_word'/>
</head>
<body>
  <div class='ocr_page' id='page_1' title='image "./virgilwithenglis02virg_0108.png"; bbox 0 0 1399 2271; ppageno 0'>
   <div class='ocr_carea' id='block_1_1' title="bbox 641 21 836 71">
    <p class='ocr_par' dir='ltr' id='par_1_1' title="bbox 641 21 836 71">
     <span class='ocr_line' id='line_1_1' title="bbox 641 21 836 71; baseline 0 -14"><span class='ocrx_word' id='word_1_1' title='bbox 641 21 836 71; x_wconf 16' lang='lat' dir='ltr'><strong>VIRGIL,</strong></span> 
     </span>
    </p>
   </div>
   <div class='ocr_carea' id='block_1_2' title="bbox 135 106 1321 1923">
    <p class='ocr_par' dir='ltr' id='par_1_2' title="bbox 149 106 1154 157">
     <span class='ocr_line' id='line_1_2' title="bbox 149 106 1154 157; baseline 0.002 -14"><span class='ocrx_word' id='word_1_2' title='bbox 149 106 352 157; x_wconf 86' lang='lat' dir='ltr'><strong>multaque</strong></span> <span class='ocrx_word' id='word_1_3' title='bbox 371 107 468 144; x_wconf 87' lang='lat' dir='ltr'><strong>dura</strong></span> <span class='ocrx_word' id='word_1_4' title='bbox 487 119 556 143; x_wconf 91' lang='lat' dir='ltr'><strong>suo</strong></span> <span class='ocrx_word' id='word_1_5' title='bbox 575 109 679 144; x_wconf 85' lang='lat' dir='ltr'><strong>tristi</strong></span> <span class='ocrx_word' id='word_1_6' title='bbox 699 121 788 144; x_wconf 89' lang='lat' dir='ltr'><strong>cum</strong></span> <span class='ocrx_word' id='word_1_7' title='bbox 809 108 926 145; x_wconf 81' lang='lat' dir='ltr'><strong>corde</strong></span> <span class='ocrx_word' id='word_1_8' title='bbox 945 109 1154 157; x_wconf 80' lang='lat' dir='ltr'><strong>putabant,</strong></span> 
     </span>
    </p>

    <p class='ocr_par' dir='ltr' id='par_1_3' title="bbox 149 165 1071 216">
     <span class='ocr_line' id='line_1_3' title="bbox 149 165 1071 216; baseline 0.002 -15"><span class='ocrx_word' id='word_1_9' title='bbox 149 168 188 201; x_wconf 89' lang='lat' dir='ltr'><strong>ni</strong></span> <span class='ocrx_word' id='word_1_10' title='bbox 207 169 361 215; x_wconf 89' lang='lat' dir='ltr'><strong>signum</strong></span> <span class='ocrx_word' id='word_1_11' title='bbox 383 165 491 202; x_wconf 83' lang='lat' dir='ltr'><strong>caelo</strong></span> <span class='ocrx_word' id='word_1_12' title='bbox 511 166 708 215; x_wconf 80' lang='lat' dir='ltr'><strong>Cytherea</strong></span> <span class='ocrx_word' id='word_1_13' title='bbox 726 166 904 203; x_wconf 78' lang='lat' dir='ltr'><strong>dedisset</strong></span> <span class='ocrx_word' id='word_1_14' title='bbox 923 172 1071 216; x_wconf 89' lang='lat' dir='ltr'><strong>aperto.</strong></span> 
     </span>
    </p>

    <p class='ocr_par' dir='ltr' id='par_1_4' title="bbox 148 225 1138 274">
     <span class='ocr_line' id='line_1_4' title="bbox 148 225 1138 274; baseline 0.002 -15"><span class='ocrx_word' id='word_1_15' title='bbox 148 237 316 274; x_wconf 87' lang='lat' dir='ltr'><strong>namque</strong></span> <span class='ocrx_word' id='word_1_16' title='bbox 336 227 545 273; x_wconf 87' lang='lat' dir='ltr'><strong>improviso</strong></span> <span class='ocrx_word' id='word_1_17' title='bbox 564 225 737 261; x_wconf 89' lang='lat' dir='ltr'><strong>vibratus</strong></span> <span class='ocrx_word' id='word_1_18' title='bbox 755 226 804 261; x_wconf 87' lang='lat' dir='ltr'><strong>ab</strong></span> <span class='ocrx_word' id='word_1_19' title='bbox 824 225 987 262; x_wconf 78' lang='lat' dir='ltr'><strong>aethere</strong></span> <span class='ocrx_word' id='word_1_20' title='bbox 1006 225 1138 274; x_wconf 85' lang='lat' dir='ltr'>fulgor</span> 
     </span>
    </p>

    <p class='ocr_par' dir='ltr' id='par_1_5' title="bbox 148 285 1320 332">
     <span class='ocr_line' id='line_1_5' title="bbox 148 285 1320 332; baseline 0.002 -14"><span class='ocrx_word' id='word_1_21' title='bbox 148 296 236 319; x_wconf 88' lang='lat' dir='ltr'><strong>cum</strong></span> <span class='ocrx_word' id='word_1_22' title='bbox 256 286 384 319; x_wconf 79' lang='lat' dir='ltr'><strong>sonitu</strong></span> <span class='ocrx_word' id='word_1_23' title='bbox 406 286 516 319; x_wconf 88' lang='lat' dir='ltr'><strong>venit</strong></span> <span class='ocrx_word' id='word_1_24' title='bbox 535 287 578 319; x_wconf 83' lang='lat' dir='ltr'><strong>et</strong></span> <span class='ocrx_word' id='word_1_25' title='bbox 596 296 709 319; x_wconf 87' lang='lat' dir='ltr'><strong>ruere</strong></span> <span class='ocrx_word' id='word_1_26' title='bbox 729 286 859 319; x_wconf 85' lang='lat' dir='ltr'><strong>omnia</strong></span> <span class='ocrx_word' id='word_1_27' title='bbox 878 285 959 324; x_wconf 79' lang='lat' dir='ltr'><strong>visa</strong></span> <span class='ocrx_word' id='word_1_28' title='bbox 977 289 1144 332; x_wconf 89' lang='lat' dir='ltr'><strong>repente</strong></span> <span class='ocrx_word' id='word_1_29' title='bbox 1249 288 1320 320; x_wconf 72' lang='lat'><strong>525</strong></span> 
     </span>
    </p>

    <p class='ocr_par' dir='ltr' id='par_1_6' title="bbox 147 341 1225 392">
     <span class='ocr_line' id='line_1_6' title="bbox 147 341 1225 392; baseline 0.001 -15"><span class='ocrx_word' id='word_1_30' title='bbox 147 341 452 391; x_wconf 85' lang='lat' dir='ltr'><strong>Tyrrhenusque</strong></span> <span class='ocrx_word' id='word_1_31' title='bbox 471 342 591 378; x_wconf 88' lang='lat' dir='ltr'><strong>tubae</strong></span> <span class='ocrx_word' id='word_1_32' title='bbox 611 345 762 390; x_wconf 79' lang='lat' dir='ltr'><strong>mugire</strong></span> <span class='ocrx_word' id='word_1_33' title='bbox 783 355 854 391; x_wconf 89' lang='lat' dir='ltr'><strong>per</strong></span> <span class='ocrx_word' id='word_1_34' title='bbox 872 341 1035 378; x_wconf 77' lang='lat' dir='ltr'><strong>aethera</strong></span> <span class='ocrx_word' id='word_1_35' title='bbox 1055 342 1225 392; x_wconf 83' lang='lat' dir='ltr'><strong>clangor.</strong></span> 
     </span>
    </p>

    <p class='ocr_par' dir='ltr' id='par_1_7' title="bbox 147 400 1232 451">
     <span class='ocr_line' id='line_1_7' title="bbox 147 400 1232 451; baseline 0.002 -15"><span class='ocrx_word' id='word_1_36' title='bbox 147 403 388 450; x_wconf 84' lang='lat' dir='ltr'><strong>suspiciunt:</strong></span> <span class='ocrx_word' id='word_1_37' title='bbox 420 403 564 436; x_wconf 87' lang='lat' dir='ltr'><strong>iterum</strong></span> <span class='ocrx_word' id='word_1_38' title='bbox 589 406 708 450; x_wconf 85' lang='lat' dir='ltr'><strong>atque</strong></span> <span class='ocrx_word' id='word_1_39' title='bbox 732 403 875 437; x_wconf 88' lang='lat' dir='ltr'><strong>iterum</strong></span> <span class='ocrx_word' id='word_1_40' title='bbox 900 400 1030 450; x_wconf 87' lang='lat' dir='ltr'><strong>fragor</strong></span> <span class='ocrx_word' id='word_1_41' title='bbox 1053 404 1232 451; x_wconf 80' lang='lat' dir='ltr'><strong>increpat</strong></span> 
     </span>
    </p>

    <p class='ocr_par' dir='ltr' id='par_1_8' title="bbox 252 462 415 508">
     <span class='ocr_line' id='line_1_8' title="bbox 252 462 415 508; baseline 0.006 -13"><span class='ocrx_word' id='word_1_42' title='bbox 252 462 415 508; x_wconf 86' lang='lat' dir='ltr'><strong>ingens3</strong></span> 
     </span>
    </p>

    <p class='ocr_par' dir='ltr' id='par_1_9' title="bbox 147 512 1059 568">
     <span class='ocr_line' id='line_1_9' title="bbox 147 512 1059 568; baseline 0.001 -14"><span class='ocrx_word' id='word_1_43' title='bbox 147 512 251 554; x_wconf 71' lang='lat' dir='ltr'><strong>arma</strong></span> <span class='ocrx_word' id='word_1_44' title='bbox 270 522 374 554; x_wconf 84' lang='lat' dir='ltr'><strong>inter</strong></span> <span class='ocrx_word' id='word_1_45' title='bbox 393 518 541 554; x_wconf 89' lang='lat' dir='ltr'><strong>nubem</strong></span> <span class='ocrx_word' id='word_1_46' title='bbox 560 518 658 554; x_wconf 75' lang='lat' dir='ltr'><strong>caeli</strong></span> <span class='ocrx_word' id='word_1_47' title='bbox 678 521 719 554; x_wconf 90' lang='lat' dir='ltr'><strong>in</strong></span> <span class='ocrx_word' id='word_1_48' title='bbox 739 521 900 568; x_wconf 86' lang='lat' dir='ltr'><strong>regione</strong></span> <span class='ocrx_word' id='word_1_49' title='bbox 920 532 1059 556; x_wconf 84' lang='lat' dir='ltr'><strong>serena</strong></span> 
     </span>
    </p>

    <p class='ocr_par' dir='ltr' id='par_1_10' title="bbox 146 576 1078 626">
     <span class='ocr_line' id='line_1_10' title="bbox 146 576 1078 626; baseline 0.002 -14"><span class='ocrx_word' id='word_1_50' title='bbox 146 590 216 626; x_wconf 89' lang='lat' dir='ltr'><strong>per</strong></span> <span class='ocrx_word' id='word_1_51' title='bbox 234 577 376 613; x_wconf 88' lang='lat' dir='ltr'><strong>sudum</strong></span> <span class='ocrx_word' id='word_1_52' title='bbox 396 576 556 613; x_wconf 87' lang='lat' dir='ltr'><strong>rutilare</strong></span> <span class='ocrx_word' id='word_1_53' title='bbox 576 576 714 613; x_wconf 89' lang='lat' dir='ltr'><strong>vident</strong></span> <span class='ocrx_word' id='word_1_54' title='bbox 733 582 775 613; x_wconf 90' lang='lat' dir='ltr'><strong>et</strong></span> <span class='ocrx_word' id='word_1_55' title='bbox 792 577 905 626; x_wconf 90' lang='lat' dir='ltr'><strong>pulsa</strong></span> <span class='ocrx_word' id='word_1_56' title='bbox 930 583 1078 614; x_wconf 82' lang='lat' dir='ltr'><strong>tonare.</strong></span> 
     </span>
    </p>

    <p class='ocr_par' dir='ltr' id='par_1_11' title="bbox 146 635 1321 684">
     <span class='ocr_line' id='line_1_11' title="bbox 146 635 1321 684; baseline 0.001 -12"><span class='ocrx_word' id='word_1_57' title='bbox 146 637 370 684; x_wconf 82' lang='lat' dir='ltr'><strong>obstipuere</strong></span> <span class='ocrx_word' id='word_1_58' title='bbox 391 638 530 671; x_wconf 83' lang='lat' dir='ltr'><strong>animis</strong></span> <span class='ocrx_word' id='word_1_59' title='bbox 548 635 626 680; x_wconf 88' lang='lat' dir='ltr'><strong>alii,</strong></span> <span class='ocrx_word' id='word_1_60' title='bbox 646 635 716 672; x_wconf 92' lang='lat' dir='ltr'><strong>sed</strong></span> <span class='ocrx_word' id='word_1_61' title='bbox 735 635 873 672; x_wconf 86' lang='lat' dir='ltr'><strong>Troius</strong></span> <span class='ocrx_word' id='word_1_62' title='bbox 895 636 1008 673; x_wconf 86' lang='lat' dir='ltr'><strong>heros</strong></span> <span class='ocrx_word' id='word_1_63' title='bbox 1246 641 1321 675; x_wconf 81' lang='lat'><strong>530</strong></span> 
     </span>
    </p>

    <p class='ocr_par' dir='ltr' id='par_1_12' title="bbox 145 694 1127 744">
     <span class='ocr_line' id='line_1_12' title="bbox 145 694 1127 744; baseline 0.001 -13"><span class='ocrx_word' id='word_1_64' title='bbox 145 695 334 744; x_wconf 79' lang='lat' dir='ltr'><strong>adgnovit</strong></span> <span class='ocrx_word' id='word_1_65' title='bbox 352 697 524 731; x_wconf 82' lang='lat' dir='ltr'><strong>sonitum</strong></span> <span class='ocrx_word' id='word_1_66' title='bbox 545 699 587 731; x_wconf 89' lang='lat' dir='ltr'><strong>et</strong></span> <span class='ocrx_word' id='word_1_67' title='bbox 601 694 713 731; x_wconf 81' lang='lat' dir='ltr'><strong>divae</strong></span> <span class='ocrx_word' id='word_1_68' title='bbox 734 698 922 744; x_wconf 80' lang='lat' dir='ltr'><strong>promissa</strong></span> <span class='ocrx_word' id='word_1_69' title='bbox 942 698 1127 744; x_wconf 77' lang='lat' dir='ltr'><strong>parentis.</strong></span> 
     </span>
    </p>

    <p class='ocr_par' dir='ltr' id='par_1_13' title="bbox 146 753 1253 803">
     <span class='ocr_line' id='line_1_13' title="bbox 146 753 1253 803; baseline 0.001 -13"><span class='ocrx_word' id='word_1_70' title='bbox 146 760 229 790; x_wconf 83' lang='lat' dir='ltr'><strong>tum</strong></span> <span class='ocrx_word' id='word_1_71' title='bbox 242 759 447 798; x_wconf 83' lang='lat' dir='ltr'><strong>memorat,</strong></span> <span class='ocrx_word' id='word_1_72' title='bbox 460 757 543 789; x_wconf 86' lang='lat' dir='ltr'><strong>“ne</strong></span> <span class='ocrx_word' id='word_1_73' title='bbox 556 766 660 798; x_wconf 74' lang='lat' dir='ltr'><strong>vere,</strong></span> <span class='ocrx_word' id='word_1_74' title='bbox 674 753 829 802; x_wconf 81' lang='lat' dir='ltr'><strong>hospes,</strong></span> <span class='ocrx_word' id='word_1_75' title='bbox 842 766 892 790; x_wconf 89' lang='lat' dir='ltr'><strong>ne</strong></span> <span class='ocrx_word' id='word_1_76' title='bbox 906 767 1050 803; x_wconf 88' lang='lat' dir='ltr'><strong>quaere</strong></span> <span class='ocrx_word' id='word_1_77' title='bbox 1064 755 1253 803; x_wconf 89' lang='lat' dir='ltr'><strong>profecto,</strong></span> 
     </span>
    </p>

    <p class='ocr_par' dir='ltr' id='par_1_14' title="bbox 144 812 1227 864">
     <span class='ocr_line' id='line_1_14' title="bbox 144 812 1227 864; baseline 0 -15"><span class='ocrx_word' id='word_1_78' title='bbox 144 826 262 862; x_wconf 87' lang='lat' dir='ltr'><strong>quem</strong></span> <span class='ocrx_word' id='word_1_79' title='bbox 278 826 408 849; x_wconf 86' lang='lat' dir='ltr'><strong>casum</strong></span> <span class='ocrx_word' id='word_1_80' title='bbox 421 817 606 861; x_wconf 87' lang='lat' dir='ltr'><strong>portenta</strong></span> <span class='ocrx_word' id='word_1_81' title='bbox 618 812 765 848; x_wconf 86' lang='lat' dir='ltr'><strong>ferant:</strong></span> <span class='ocrx_word' id='word_1_82' title='bbox 787 825 861 861; x_wconf 86' lang='lat' dir='ltr'><strong>ego</strong></span> <span class='ocrx_word' id='word_1_83' title='bbox 874 825 1012 862; x_wconf 83' lang='lat' dir='ltr'><strong>poscor</strong></span> <span class='ocrx_word' id='word_1_84' title='bbox 1036 813 1227 864; x_wconf 84' lang='lat' dir='ltr'><strong>Olympo;</strong></span> 
     </span>
    </p>

    <p class='ocr_par' dir='ltr' id='par_1_15' title="bbox 145 871 1091 921">
     <span class='ocr_line' id='line_1_15' title="bbox 145 871 1091 921; baseline 0.001 -14"><span class='ocrx_word' id='word_1_85' title='bbox 145 871 217 907; x_wconf 85' lang='lat' dir='ltr'><strong>hoc</strong></span> <span class='ocrx_word' id='word_1_86' title='bbox 237 874 391 921; x_wconf 83' lang='lat' dir='ltr'><strong>signum</strong></span> <span class='ocrx_word' id='word_1_87' title='bbox 414 874 558 907; x_wconf 86' lang='lat' dir='ltr'><strong>cecinit</strong></span> <span class='ocrx_word' id='word_1_88' title='bbox 577 873 781 907; x_wconf 80' lang='lat' dir='ltr'><strong>missuram</strong></span> <span class='ocrx_word' id='word_1_89' title='bbox 801 871 891 907; x_wconf 83' lang='lat' dir='ltr'><strong>diva</strong></span> <span class='ocrx_word' id='word_1_90' title='bbox 910 874 1091 917; x_wconf 81' lang='lat' dir='ltr'><strong>creatrix,</strong></span> 
     </span>
    </p>

    <p class='ocr_par' dir='ltr' id='par_1_16' title="bbox 144 930 1318 980">
     <span class='ocr_line' id='line_1_16' title="bbox 144 930 1318 980; baseline 0.003 -13"><span class='ocrx_word' id='word_1_91' title='bbox 144 934 174 967; x_wconf 89' lang='lat' dir='ltr'><strong>si</strong></span> <span class='ocrx_word' id='word_1_92' title='bbox 195 931 341 967; x_wconf 89' lang='lat' dir='ltr'><strong>bellum</strong></span> <span class='ocrx_word' id='word_1_93' title='bbox 362 933 578 977; x_wconf 73' lang='lat' dir='ltr'><strong>ingrueret,</strong></span> <span class='ocrx_word' id='word_1_94' title='bbox 600 930 863 980; x_wconf 79' lang='lat' dir='ltr'><strong>Volcaniaque</strong></span> <span class='ocrx_word' id='word_1_95' title='bbox 883 944 990 966; x_wconf 91' lang='lat' dir='ltr'><strong>arma</strong></span> <span class='ocrx_word' id='word_1_96' title='bbox 1010 945 1080 980; x_wconf 92' lang='lat' dir='ltr'><strong>per</strong></span> <span class='ocrx_word' id='word_1_97' title='bbox 1099 945 1210 970; x_wconf 84' lang='lat' dir='ltr'><strong>auras</strong></span> <span class='ocrx_word' id='word_1_98' title='bbox 1245 937 1318 969; x_wconf 82' lang='lat'><strong>535</strong></span> 
     </span>
    </p>

    <p class='ocr_par' dir='ltr' id='par_1_17' title="bbox 143 989 481 1026">
     <span class='ocr_line' id='line_1_17' title="bbox 143 989 481 1026; baseline -0.003 -1"><span class='ocrx_word' id='word_1_99' title='bbox 143 990 309 1026; x_wconf 76' lang='lat' dir='ltr'><strong>laturam</strong></span> <span class='ocrx_word' id='word_1_100' title='bbox 328 989 481 1025; x_wconf 83' lang='lat' dir='ltr'><strong>auxilio.</strong></span> 
     </span>
    </p>

    <p class='ocr_par' dir='ltr' id='par_1_18' title="bbox 143 1047 1215 1098">
     <span class='ocr_line' id='line_1_18' title="bbox 143 1047 1215 1098; baseline 0.003 -14"><span class='ocrx_word' id='word_1_101' title='bbox 143 1049 219 1085; x_wconf 88' lang='lat' dir='ltr'><strong>heu</strong></span> <span class='ocrx_word' id='word_1_102' title='bbox 240 1053 410 1098; x_wconf 84' lang='lat' dir='ltr'><strong>quantae</strong></span> <span class='ocrx_word' id='word_1_103' title='bbox 429 1049 580 1084; x_wconf 87' lang='lat' dir='ltr'><strong>miseris</strong></span> <span class='ocrx_word' id='word_1_104' title='bbox 600 1047 739 1084; x_wconf 88' lang='lat' dir='ltr'><strong>caedes</strong></span> <span class='ocrx_word' id='word_1_105' title='bbox 762 1047 1024 1086; x_wconf 80' lang='lat' dir='ltr'><strong>Laurentibus</strong></span> <span class='ocrx_word' id='word_1_106' title='bbox 1044 1051 1215 1087; x_wconf 86' lang='lat' dir='ltr'><strong>instant!</strong></span> 
     </span>
    </p>

    <p class='ocr_par' dir='ltr' id='par_1_19' title="bbox 142 1106 1217 1157">
     <span class='ocr_line' id='line_1_19' title="bbox 142 1106 1217 1157; baseline 0.002 -13"><span class='ocrx_word' id='word_1_107' title='bbox 142 1121 236 1157; x_wconf 87' lang='lat' dir='ltr'><strong>quas</strong></span> <span class='ocrx_word' id='word_1_108' title='bbox 255 1120 401 1157; x_wconf 85' lang='lat' dir='ltr'><strong>poenas</strong></span> <span class='ocrx_word' id='word_1_109' title='bbox 420 1106 528 1152; x_wconf 90' lang='lat' dir='ltr'><strong>mihi,</strong></span> <span class='ocrx_word' id='word_1_110' title='bbox 549 1106 694 1152; x_wconf 89' lang='lat' dir='ltr'><strong>Turne,</strong></span> <span class='ocrx_word' id='word_1_111' title='bbox 710 1107 843 1144; x_wconf 79' lang='lat' dir='ltr'><strong>dabis!</strong></span> <span class='ocrx_word' id='word_1_112' title='bbox 873 1121 990 1157; x_wconf 84' lang='lat' dir='ltr'><strong>quam</strong></span> <span class='ocrx_word' id='word_1_113' title='bbox 1005 1109 1130 1145; x_wconf 86' lang='lat' dir='ltr'><strong>multa</strong></span> <span class='ocrx_word' id='word_1_114' title='bbox 1144 1110 1217 1146; x_wconf 91' lang='lat' dir='ltr'><strong>sub</strong></span> 
     </span>
    </p>

    <p class='ocr_par' dir='ltr' id='par_1_20' title="bbox 246 1166 537 1203">
     <span class='ocr_line' id='line_1_20' title="bbox 246 1166 537 1203; baseline -0.003 0"><span class='ocrx_word' id='word_1_115' title='bbox 246 1166 371 1203; x_wconf 82' lang='lat' dir='ltr'><strong>undas</strong></span> <span class='ocrx_word' id='word_1_116' title='bbox 532 1170 537 1172; x_wconf 67' lang='grc'><strong><em>’</em></strong></span> 
     </span>
    </p>

    <p class='ocr_par' dir='ltr' id='par_1_21' title="bbox 141 1224 1163 1275">
     <span class='ocr_line' id='line_1_21' title="bbox 141 1224 1163 1275; baseline 0.002 -13"><span class='ocrx_word' id='word_1_117' title='bbox 141 1231 250 1262; x_wconf 82' lang='lat' dir='ltr'><strong>scuta</strong></span> <span class='ocrx_word' id='word_1_118' title='bbox 270 1228 394 1261; x_wconf 85' lang='lat' dir='ltr'><strong>virum</strong></span> <span class='ocrx_word' id='word_1_119' title='bbox 414 1224 625 1274; x_wconf 83' lang='lat' dir='ltr'><strong>galeasque</strong></span> <span class='ocrx_word' id='word_1_120' title='bbox 645 1230 686 1261; x_wconf 90' lang='lat' dir='ltr'><strong>et</strong></span> <span class='ocrx_word' id='word_1_121' title='bbox 706 1224 821 1261; x_wconf 73' lang='lat' dir='ltr'><strong>fortia</strong></span> <span class='ocrx_word' id='word_1_122' title='bbox 841 1238 1000 1275; x_wconf 87' lang='lat' dir='ltr'><strong>corpora</strong></span> <span class='ocrx_word' id='word_1_123' title='bbox 1020 1226 1163 1273; x_wconf 88' lang='lat' dir='ltr'><strong>volves,</strong></span> 
     </span>
    </p>

    <p class='ocr_par' dir='ltr' id='par_1_22' title="bbox 139 1283 1315 1387">
     <span class='ocr_line' id='line_1_22' title="bbox 139 1283 1315 1335; baseline 0.004 -16"><span class='ocrx_word' id='word_1_124' title='bbox 139 1284 287 1334; x_wconf 76' lang='lat' dir='ltr'><strong>Thybri</strong></span> <span class='ocrx_word' id='word_1_125' title='bbox 303 1290 415 1332; x_wconf 84' lang='lat' dir='ltr'><strong>pater</strong></span> <span class='ocrx_word' id='word_1_126' title='bbox 430 1285 437 1319; x_wconf 86' lang='lat'>!</span> <span class='ocrx_word' id='word_1_127' title='bbox 458 1289 622 1332; x_wconf 86' lang='lat' dir='ltr'><strong>poscant</strong></span> <span class='ocrx_word' id='word_1_128' title='bbox 636 1287 738 1320; x_wconf 85' lang='lat' dir='ltr'><strong>acies</strong></span> <span class='ocrx_word' id='word_1_129' title='bbox 754 1289 796 1321; x_wconf 92' lang='lat' dir='ltr'><strong>et</strong></span> <span class='ocrx_word' id='word_1_130' title='bbox 812 1283 971 1321; x_wconf 90' lang='lat' dir='ltr'><strong>foedera</strong></span> <span class='ocrx_word' id='word_1_131' title='bbox 987 1287 1210 1335; x_wconf 83' lang='lat' dir='ltr'><strong>1·umpant.”</strong></span> <span class='ocrx_word' id='word_1_132' title='bbox 1242 1291 1315 1324; x_wconf 74' lang='lat'><strong>540</strong></span> 
     </span>
     <span class='ocr_line' id='line_1_23' title="bbox 194 1342 1133 1387; baseline 0.002 -8"><span class='ocrx_word' id='word_1_133' title='bbox 194 1344 306 1380; x_wconf 87' lang='lat' dir='ltr'><strong>Haec</strong></span> <span class='ocrx_word' id='word_1_134' title='bbox 326 1344 392 1379; x_wconf 89' lang='lat' dir='ltr'><strong>ubi</strong></span> <span class='ocrx_word' id='word_1_135' title='bbox 412 1342 518 1378; x_wconf 81' lang='lat' dir='ltr'><strong>dicta</strong></span> <span class='ocrx_word' id='word_1_136' title='bbox 537 1342 661 1387; x_wconf 80' lang='lat' dir='ltr'><strong>dedit,</strong></span> <span class='ocrx_word' id='word_1_137' title='bbox 683 1343 779 1379; x_wconf 84' lang='lat' dir='ltr'><strong>solio</strong></span> <span class='ocrx_word' id='word_1_138' title='bbox 799 1356 840 1380; x_wconf 92' lang='lat' dir='ltr'><strong>se</strong></span> <span class='ocrx_word' id='word_1_139' title='bbox 860 1344 965 1381; x_wconf 86' lang='lat' dir='ltr'><strong>tollit</strong></span> <span class='ocrx_word' id='word_1_140' title='bbox 983 1345 1032 1381; x_wconf 89' lang='lat' dir='ltr'><strong>ab</strong></span> <span class='ocrx_word' id='word_1_141' title='bbox 1053 1345 1133 1382; x_wconf 79' lang='lat' dir='ltr'><strong>alto</strong></span> 
     </span>
    </p>

    <p class='ocr_par' dir='ltr' id='par_1_23' title="bbox 140 1401 1044 1451">
     <span class='ocr_line' id='line_1_24' title="bbox 140 1401 1044 1451; baseline 0.001 -13"><span class='ocrx_word' id='word_1_142' title='bbox 140 1408 181 1438; x_wconf 79' lang='lat' dir='ltr'><strong>et</strong></span> <span class='ocrx_word' id='word_1_143' title='bbox 200 1405 369 1451; x_wconf 83' lang='lat' dir='ltr'><strong>primum</strong></span> <span class='ocrx_word' id='word_1_144' title='bbox 392 1401 601 1438; x_wconf 86' lang='lat' dir='ltr'><strong>Herculeis</strong></span> <span class='ocrx_word' id='word_1_145' title='bbox 621 1405 766 1450; x_wconf 81' lang='lat' dir='ltr'><strong>sopitas</strong></span> <span class='ocrx_word' id='word_1_146' title='bbox 785 1403 942 1451; x_wconf 84' lang='lat' dir='ltr'><strong>igm‘bus</strong></span> <span class='ocrx_word' id='word_1_147' title='bbox 961 1417 1044 1440; x_wconf 86' lang='lat' dir='ltr'><strong>aras</strong></span> 
     </span>
    </p>

    <p class='ocr_par' dir='ltr' id='par_1_24' title="bbox 139 1461 1191 1511">
     <span class='ocr_line' id='line_1_25' title="bbox 139 1461 1191 1511; baseline 0.004 -15"><span class='ocrx_word' id='word_1_148' title='bbox 139 1463 286 1497; x_wconf 80' lang='lat' dir='ltr'><strong>excitat</strong></span> <span class='ocrx_word' id='word_1_149' title='bbox 305 1461 613 1510; x_wconf 78' lang='lat' dir='ltr'><strong>hesternumque</strong></span> <span class='ocrx_word' id='word_1_150' title='bbox 636 1461 774 1497; x_wconf 85' lang='lat' dir='ltr'><strong>Larem</strong></span> <span class='ocrx_word' id='word_1_151' title='bbox 795 1474 1011 1511; x_wconf 86' lang='lat' dir='ltr'><strong>parvosque</strong></span> <span class='ocrx_word' id='word_1_152' title='bbox 1034 1462 1191 1501; x_wconf 78' lang='lat' dir='ltr'><strong>Penatis</strong></span> 
     </span>
    </p>

    <p class='ocr_par' dir='ltr' id='par_1_25' title="bbox 139 1519 1127 1563">
     <span class='ocr_line' id='line_1_26' title="bbox 139 1519 1127 1563; baseline 0.004 -9"><span class='ocrx_word' id='word_1_153' title='bbox 139 1519 264 1556; x_wconf 83' lang='lat' dir='ltr'><strong>laetus</strong></span> <span class='ocrx_word' id='word_1_154' title='bbox 283 1519 389 1563; x_wconf 85' lang='lat' dir='ltr'><strong>adit;</strong></span> <span class='ocrx_word' id='word_1_155' title='bbox 418 1524 594 1555; x_wconf 86' lang='lat' dir='ltr'><strong>mactant</strong></span> <span class='ocrx_word' id='word_1_156' title='bbox 613 1519 736 1556; x_wconf 76' lang='lat' dir='ltr'><strong>lectas</strong></span> <span class='ocrx_word' id='word_1_157' title='bbox 756 1520 806 1556; x_wconf 84' lang='lat' dir='ltr'><strong>de</strong></span> <span class='ocrx_word' id='word_1_158' title='bbox 826 1533 933 1557; x_wconf 86' lang='lat' dir='ltr'><strong>more</strong></span> <span class='ocrx_word' id='word_1_159' title='bbox 954 1520 1127 1558; x_wconf 89' lang='lat' dir='ltr'><strong>bidentis</strong></span> 
     </span>
    </p>

    <p class='ocr_par' dir='ltr' id='par_1_26' title="bbox 139 1577 1311 1627">
     <span class='ocr_line' id='line_1_27' title="bbox 139 1577 1311 1627; baseline 0.004 -14"><span class='ocrx_word' id='word_1_160' title='bbox 139 1577 344 1614; x_wconf 82' lang='lat' dir='ltr'><strong>Euandrus</strong></span> <span class='ocrx_word' id='word_1_161' title='bbox 364 1581 522 1627; x_wconf 84' lang='lat' dir='ltr'><strong>pariter,</strong></span> <span class='ocrx_word' id='word_1_162' title='bbox 543 1581 689 1626; x_wconf 81' lang='lat' dir='ltr'><strong>pariter</strong></span> <span class='ocrx_word' id='word_1_163' title='bbox 709 1577 876 1614; x_wconf 88' lang='lat' dir='ltr'><strong>Troiana</strong></span> <span class='ocrx_word' id='word_1_164' title='bbox 895 1581 1089 1616; x_wconf 86' lang='lat' dir='ltr'><strong>iuventus.</strong></span> <span class='ocrx_word' id='word_1_165' title='bbox 1238 1585 1311 1618; x_wconf 76' lang='lat'><strong>545</strong></span> 
     </span>
    </p>

    <p class='ocr_par' dir='ltr' id='par_1_27' title="bbox 137 1636 1126 1687">
     <span class='ocr_line' id='line_1_28' title="bbox 137 1636 1126 1687; baseline 0.003 -15"><span class='ocrx_word' id='word_1_166' title='bbox 137 1643 226 1685; x_wconf 86' lang='lat' dir='ltr'><strong>post</strong></span> <span class='ocrx_word' id='word_1_167' title='bbox 245 1636 336 1672; x_wconf 87' lang='lat' dir='ltr'><strong>hinc</strong></span> <span class='ocrx_word' id='word_1_168' title='bbox 357 1636 404 1672; x_wconf 85' lang='lat' dir='ltr'><strong>ad</strong></span> <span class='ocrx_word' id='word_1_169' title='bbox 425 1639 533 1673; x_wconf 84' lang='lat' dir='ltr'><strong>navis</strong></span> <span class='ocrx_word' id='word_1_170' title='bbox 553 1637 731 1686; x_wconf 86' lang='lat' dir='ltr'><strong>graditur</strong></span> <span class='ocrx_word' id='word_1_171' title='bbox 750 1640 951 1687; x_wconf 82' lang='lat' dir='ltr'><strong>sociosque</strong></span> <span class='ocrx_word' id='word_1_172' title='bbox 971 1641 1126 1675; x_wconf 82' lang='lat' dir='ltr'><strong>revisit:</strong></span> 
     </span>
    </p>

    <p class='ocr_par' dir='ltr' id='par_1_28' title="bbox 136 1695 1189 1747">
     <span class='ocr_line' id='line_1_29' title="bbox 136 1695 1189 1747; baseline 0.003 -16"><span class='ocrx_word' id='word_1_173' title='bbox 136 1708 301 1744; x_wconf 86' lang='lat' dir='ltr'><strong>quorum</strong></span> <span class='ocrx_word' id='word_1_174' title='bbox 321 1695 370 1732; x_wconf 91' lang='lat' dir='ltr'><strong>de</strong></span> <span class='ocrx_word' id='word_1_175' title='bbox 391 1709 567 1741; x_wconf 88' lang='lat' dir='ltr'><strong>numero,</strong></span> <span class='ocrx_word' id='word_1_176' title='bbox 586 1698 653 1745; x_wconf 93' lang='lat' dir='ltr'><strong>qui</strong></span> <span class='ocrx_word' id='word_1_177' title='bbox 674 1709 758 1732; x_wconf 89' lang='lat' dir='ltr'><strong>sese</strong></span> <span class='ocrx_word' id='word_1_178' title='bbox 779 1699 819 1732; x_wconf 93' lang='lat' dir='ltr'><strong>in</strong></span> <span class='ocrx_word' id='word_1_179' title='bbox 839 1697 943 1733; x_wconf 88' lang='lat' dir='ltr'><strong>bella</strong></span> <span class='ocrx_word' id='word_1_180' title='bbox 962 1703 1189 1747; x_wconf 88' lang='lat' dir='ltr'><strong>sequantur,</strong></span> 
     </span>
    </p>

    <p class='ocr_par' dir='ltr' id='par_1_29' title="bbox 137 1754 1091 1805">
     <span class='ocr_line' id='line_1_30' title="bbox 137 1754 1091 1805; baseline 0.003 -16"><span class='ocrx_word' id='word_1_181' title='bbox 137 1757 372 1803; x_wconf 83' lang='lat' dir='ltr'><strong>praestantis</strong></span> <span class='ocrx_word' id='word_1_182' title='bbox 393 1757 539 1791; x_wconf 83' lang='lat' dir='ltr'><strong>virtute</strong></span> <span class='ocrx_word' id='word_1_183' title='bbox 558 1754 681 1803; x_wconf 83' lang='lat' dir='ltr'><strong>legit3</strong></span> <span class='ocrx_word' id='word_1_184' title='bbox 709 1768 797 1803; x_wconf 89' lang='lat' dir='ltr'><strong>pars</strong></span> <span class='ocrx_word' id='word_1_185' title='bbox 817 1760 950 1792; x_wconf 86' lang='lat' dir='ltr'><strong>cetera</strong></span> <span class='ocrx_word' id='word_1_186' title='bbox 968 1769 1091 1805; x_wconf 87' lang='lat' dir='ltr'><strong>prona</strong></span> 
     </span>
    </p>

    <p class='ocr_par' dir='ltr' id='par_1_30' title="bbox 136 1812 1100 1863">
     <span class='ocr_line' id='line_1_31' title="bbox 136 1812 1100 1863; baseline 0.003 -15"><span class='ocrx_word' id='word_1_187' title='bbox 136 1812 262 1849; x_wconf 87' lang='lat' dir='ltr'><strong>fertur</strong></span> <span class='ocrx_word' id='word_1_188' title='bbox 279 1825 380 1862; x_wconf 88' lang='lat' dir='ltr'><strong>aqua</strong></span> <span class='ocrx_word' id='word_1_189' title='bbox 400 1816 610 1863; x_wconf 83' lang='lat' dir='ltr'><strong>segnisque</strong></span> <span class='ocrx_word' id='word_1_190' title='bbox 631 1813 804 1850; x_wconf 87' lang='lat' dir='ltr'><strong>secundo</strong></span> <span class='ocrx_word' id='word_1_191' title='bbox 825 1813 963 1851; x_wconf 89' lang='lat' dir='ltr'><strong>defluit</strong></span> <span class='ocrx_word' id='word_1_192' title='bbox 981 1818 1100 1860; x_wconf 89' lang='lat' dir='ltr'><strong>amni,</strong></span> 
     </span>
    </p>

    <p class='ocr_par' dir='ltr' id='par_1_31' title="bbox 135 1872 1310 1923">
     <span class='ocr_line' id='line_1_32' title="bbox 135 1872 1310 1923; baseline 0.004 -16"><span class='ocrx_word' id='word_1_193' title='bbox 135 1873 274 1908; x_wconf 88' lang='lat' dir='ltr'><strong>nuntia</strong></span> <span class='ocrx_word' id='word_1_194' title='bbox 292 1876 458 1908; x_wconf 87' lang='lat' dir='ltr'><strong>ventura</strong></span> <span class='ocrx_word' id='word_1_195' title='bbox 478 1872 646 1909; x_wconf 88' lang='lat' dir='ltr'><strong>Ascanio</strong></span> <span class='ocrx_word' id='word_1_196' title='bbox 666 1885 875 1923; x_wconf 81' lang='lat' dir='ltr'><strong>rerumque</strong></span> <span class='ocrx_word' id='word_1_197' title='bbox 896 1876 1106 1923; x_wconf 87' lang='lat' dir='ltr'><strong>patrisque.</strong></span> <span class='ocrx_word' id='word_1_198' title='bbox 1235 1879 1310 1912; x_wconf 87' lang='lat'><strong>550</strong></span> 
     </span>
    </p>
   </div>
   <div class='ocr_carea' id='block_1_3' title="bbox 157 1940 1286 1984">
    <p class='ocr_par' dir='ltr' id='par_1_32' title="bbox 157 1940 1286 1984">
     <span class='ocr_line' id='line_1_33' title="bbox 157 1940 1286 1984; baseline 0.005 -14"><span class='ocrx_word' id='word_1_199' title='bbox 157 1940 200 1959; x_wconf 81' lang='lat'><strong>⁶²⁷</strong></span> <span class='ocrx_word' id='word_1_200' title='bbox 225 1940 359 1971; x_wconf 79' lang='lat' dir='ltr'><strong>intonat</strong></span> <span class='ocrx_word' id='word_1_201' title='bbox 377 1940 519 1972; x_wconf 73' lang='lat' dir='ltr'><strong>Servius.</strong></span> <span class='ocrx_word' id='word_1_202' title='bbox 584 1941 628 1960; x_wconf 74' lang='lat'><strong>⁵²³</strong></span> <span class='ocrx_word' id='word_1_203' title='bbox 652 1941 685 1972; x_wconf 90' lang='lat' dir='ltr'><strong>in</strong></span> <span class='ocrx_word' id='word_1_204' title='bbox 703 1942 838 1973; x_wconf 70' lang='lat' dir='ltr'><strong>omitted</strong></span> <span class='ocrx_word' id='word_1_205' title='bbox 854 1942 915 1974; x_wconf 73' lang='grc' dir='ltr'><strong>ΜἹ.</strong></span> <span class='ocrx_word' id='word_1_206' title='bbox 979 1942 1023 1962; x_wconf 78' lang='lat'><strong>⁵²⁹</strong></span> <span class='ocrx_word' id='word_1_207' title='bbox 1046 1953 1166 1974; x_wconf 83' lang='lat' dir='ltr'><strong>sonare</strong></span> <span class='ocrx_word' id='word_1_208' title='bbox 1178 1944 1286 1984; x_wconf 74' lang='lat' dir='ltr'><em>PR71.</em></span> 
     </span>
    </p>
   </div>
   <div class='ocr_carea' id='block_1_4' title="bbox 137 1983 185 2027">
    <p class='ocr_par' dir='ltr' id='par_1_33' title="bbox 137 1983 185 2027">
     <span class='ocr_line' id='line_1_34' title="bbox 137 1983 185 2027; baseline 0 -6"><span class='ocrx_word' id='word_1_209' title='bbox 137 1983 185 2027; x_wconf 83' lang='lat'><strong>96</strong></span> 
     </span>
    </p>
   </div>
  </div>
 </body>
</html>
