1399 2271
593 60 783 97 VIRGIL

99 153 140 184 et
159 159 264 184 nunc
285 147 499 196 porticibus
517 149 660 192 vacuis,
680 160 785 183 nunc
805 146 938 183 umida
956 150 1101 184 circum

99 207 238 250 stagna
257 205 393 238 sonat:
421 199 558 237 similis
577 200 727 237 medios
749 200 913 237 Iuturna
931 214 1003 250 per
1022 200 1144 238 hostis

100 254 224 291 fertur
244 257 354 304 equis
373 254 588 304 rapidoque
608 254 742 291 volans
761 254 845 291 obit
864 257 995 290 omnia
1013 267 1142 300 curru,

100 312 256 358 iamque
269 308 332 344 hic
345 321 577 357 germanum
590 310 746 357 iamque
759 307 822 344 hic
835 312 1012 345 ostentat
1023 314 1220 354 ovantem,

100 375 173 399 nec
193 361 372 398 conferre
392 374 552 397 manum
572 363 733 410 patitur,
754 360 860 398 volat
878 364 962 397 avia
981 362 1109 411 longe.
1197 368 1271 399 480

101 415 204 452 haud
224 418 353 452 minus
373 415 530 451 Aeneas
550 419 674 451 tortos
693 414 794 464 legit
812 415 947 451 obvius
966 416 1069 452 orbis

100 472 348 519 vestigatque
368 471 492 505 virum
513 473 555 505 et
574 468 737 505 disiecta
756 481 828 517 per
846 471 1003 518 agmina
1021 482 1164 518 magna

101 536 193 559 voce
214 528 336 560 vocat.
394 525 577 572 quotiens
597 521 728 558 oculos
749 524 918 558 coniecit
936 524 976 558 in
996 522 1151 559 hostem

99 576 377 626 alipedumque
397 576 530 625 sugam
551 588 664 612 cursu
684 578 897 625 temptavit
915 588 1116 625 equorum,

99 642 252 666 aversos
273 632 420 666 totiens
439 642 573 666 currus
594 629 759 666 Iuturna
777 631 944 666 retorsit.
1199 633 1270 665 485

100 683 191 729 heu,
212 683 304 733 quid
326 684 443 732 agat?
473 686 578 719 vario
597 685 836 732 nequiquam
857 682 1021 719 fluctuat
1040 688 1150 719 aestu

99 737 356 786 diversaeque
377 742 519 773 vocant
537 739 712 772 animum
732 739 773 772 in
793 739 987 772 contraria
1006 749 1131 773 curae.

101 790 191 827 huic
214 791 430 840 Messapus,
451 793 509 827 uti
530 789 639 826 laeva
659 790 736 826 duo
756 788 858 826 forte
877 790 1043 838 gerebat

101 844 221 889 lenta,
242 843 338 881 levis
358 857 484 889 cursu,
505 844 674 893 praefixa
694 843 850 880 hastilia
869 843 984 888 ferro,

101 897 240 934 horum
260 911 382 934 unum
402 902 511 934 certo
532 902 796 947 contorquens
816 897 963 945 derigit
982 899 1074 934 ictu.
1199 900 1274 938 490

101 952 279 988 substitit
299 952 456 987 Aeneas
477 956 519 987 et
537 963 578 987 se
600 950 762 999 collegit
781 953 821 986 in
841 964 960 996 arma,

101 1005 251 1054 poplite
271 1004 500 1048 subsidens;
528 1007 681 1053 apicem
700 1009 835 1041 tamen
855 1006 974 1040 incita
994 1017 1188 1040 summum

102 1059 212 1095 hasta
232 1057 325 1095 tulit
345 1071 594 1107 summasque
614 1060 785 1094 excussit
804 1060 951 1094 vertice
972 1060 1117 1093 cristas.

102 1117 187 1148 tum
206 1125 298 1148 vero
317 1111 537 1160 adsurgunt
556 1114 650 1157 irae,
669 1111 899 1161 insidiisque
919 1112 1117 1157 subactus,

101 1165 273 1202 diversos
294 1165 358 1201 ubi
378 1168 503 1202 sentit
522 1177 642 1215 equos
662 1177 895 1214 currumque
916 1164 1066 1210 referri,
1203 1167 1276 1206 495

102 1219 227 1256 multa
247 1218 381 1255 Iovem
401 1224 443 1255 et
462 1218 556 1255 laesi
576 1223 745 1255 testatus
767 1218 935 1254 foederis
955 1231 1038 1253 aras

102 1276 178 1309 iam
198 1272 361 1309 tandem
380 1272 533 1308 invadit
551 1272 702 1308 medios
722 1277 764 1308 et
785 1272 914 1308 Marte
935 1271 1109 1308 secundo

102 1326 286 1363 terribilis
306 1338 460 1362 saevam
480 1325 590 1362 nullo
609 1325 835 1362 discrimine
856 1325 1018 1361 caedem

102 1382 265 1416 suscitat
283 1382 507 1428 irarumque
527 1381 652 1415 omnis
673 1379 839 1415 effundit
860 1378 1045 1415 habenas.

159 1432 258 1479 Quis
271 1432 366 1469 mihi
382 1446 487 1469 nunc
502 1437 564 1469 tot
578 1433 719 1469 acerba
734 1432 844 1477 deus,
857 1435 942 1481 quis
958 1434 1129 1468 carmine
1142 1430 1280 1468 caedes

102 1486 274 1523 diversas
294 1487 525 1536 obitumque
545 1485 702 1531 ducum,
723 1499 819 1536 quos
838 1498 1007 1535 aequore
1026 1491 1112 1522 toto
1205 1490 1273 1522 501

103 1543 223 1590 inque
243 1542 369 1577 vicem
388 1552 494 1576 nunc
513 1539 668 1576 Turnus
688 1543 783 1588 agit,
804 1553 909 1575 nunc
929 1539 1066 1576 Troius
1086 1539 1215 1585 heros,

104 1593 317 1644 expediat?
347 1598 488 1630 tanton
508 1593 657 1642 placuit
677 1606 908 1630 concurrere
929 1598 1052 1638 motu,

106 1647 296 1697 Iuppiter,
317 1652 479 1684 aeterna
500 1650 632 1695 gentis
652 1650 691 1682 in
712 1660 807 1696 pace
829 1647 1007 1683 futuras?

106 1702 260 1738 Aeneas
283 1700 471 1737 Rutulum
493 1700 707 1737 Sucronem
728 1699 792 1751 (ea
812 1703 935 1749 prima
956 1703 1106 1737 ruentis
1207 1703 1279 1737 505

317 1828 360 1847 ‘⁷⁹
384 1827 538 1859 ostendit
555 1828 616 1860 M1.
779 1827 820 1846 ⁴⁸¹
847 1831 938 1858 totos
963 1827 1000 1860 V.

319 1871 362 1890 “⁸⁵
386 1871 547 1902 adversos
565 1870 668 1911 M²7c.

317 1914 360 1933 “³⁵
383 1914 492 1945 sentit
508 1914 547 1944 M
555 1927 564 1945 .·
590 1914 698 1944 sensit
715 1919 796 1945 most
813 1914 909 1944 MSS.

317 1956 361 1976 ‘⁹⁸
384 1960 537 1988 test-atur
552 1957 620 1989 PR.
780 1956 823 1975 ⁵⁰⁵
849 1956 995 1987 furentis
1019 1956 1057 1989 V.

105 2022 180 2054 332
