1399 2271
652 72 840 109 VIRGIL

155 164 274 208 atque
295 157 349 194 illi
371 157 502 195 medio
521 160 560 194 in
581 160 708 207 spatio
726 158 879 204 chorus,
900 172 1005 206 ecce,
1024 173 1179 197 suarum

155 214 323 248 occurrit
342 214 529 248 comitum
546 224 553 247 :
581 211 792 261 nymphae,
812 226 907 262 quas
925 213 1027 250 alma
1046 214 1205 264 Cybebe
1252 219 1327 251 220

156 278 303 301 numen
322 265 468 302 habere
488 268 603 302 maris
623 266 894 315 nymphasque
915 279 936 303 e
956 268 1118 304 navibus
1138 280 1222 305 esse

155 322 331 362 iusserat,
352 319 543 354 innabant
563 321 708 367 pariter
728 319 946 369 fluctusque
966 321 1165 366 secabant,

154 378 251 421 quot
271 375 375 421 prius
394 378 550 408 aeratae
571 377 767 409 steterant
786 372 835 408 ad
855 373 970 409 litora
989 386 1136 422 prorae.

154 425 402 474 adgnoscunt
420 425 538 474 longe
558 438 693 473 regem
709 425 957 475 lustrantque
977 426 1140 464 choreis.

154 492 318 528 quarum
338 492 438 528 quae
458 478 566 515 fandi
585 479 809 515 doctissima
829 479 1074 529 Cymodocea
1252 486 1326 518 225

154 545 257 581 pone
277 545 446 582 sequens
465 532 604 568 dextra
624 535 787 581 puppim
803 537 917 569 tenet
932 536 1093 583 ipsaque
1108 533 1222 570 dorso

155 589 305 622 eminet
324 599 368 622 ac
388 585 498 622 laeva
517 588 647 622 tacitis
667 587 909 634 subremigat
928 587 1054 623 undis.

155 645 238 676 tum
253 642 306 676 sic
319 642 498 687 ignarum
511 639 752 688 adloquitur:
774 640 1008 688 “vigilasne,
1019 640 1138 677 deum
1151 654 1263 690 gens,

156 694 318 729 Aenea?
349 692 466 741 vigila
485 697 527 728 et
546 693 641 729 velis
661 695 832 729 immitte
853 693 1042 730 rudentis.

155 759 224 782 nos
243 759 388 791 sumus,
411 745 552 781 Idaeae
572 759 679 782 sacro
698 745 748 782 de
769 749 915 783 vertice
936 749 1062 795 pinus,
1092 751 1093 754 ’
1252 751 1327 784 230

155 813 259 836 nunc
271 799 401 848 pelagi
415 799 636 848 Nymphae,
649 799 779 835 classis
795 804 872 835 tua.
913 800 1083 848 perfidus
1096 805 1140 836 ut
1154 813 1223 837 nos

155 856 389 902 praecipites
408 852 512 888 ferro
534 852 700 888 Rutulus
721 852 952 902 flammaque
972 854 1190 902 premebat,

156 909 329 955 rupimus
349 908 495 942 invitae
515 910 583 941 tua
604 906 756 941 vincula
777 911 897 955 teque
918 919 988 955 per
1007 919 1153 956 aequor

154 962 385 1009 quaerimus.
425 958 526 995 hanc
540 959 731 995 Genetrix
745 959 884 995 faciem
898 962 1080 996 miserata
1093 959 1233 997 refecit

155 1019 196 1049 ct
215 1013 328 1049 dedit
347 1025 432 1048 esse
452 1012 546 1048 deas
565 1025 783 1061 aevumque
803 1015 952 1060 agitare
973 1014 1044 1049 sub
1064 1013 1189 1050 undis.
1253 1018 1326 1050 235

153 1072 194 1103 at
214 1080 312 1115 puer
332 1066 523 1102 Ascanius
542 1079 652 1101 muro
673 1065 862 1114 fossisque
882 1071 1044 1102 tenetur
1224 1079 1327 1103 npnv

155 1119 233 1156 tela
253 1122 358 1156 inter
376 1119 506 1155 media
524 1124 644 1168 atque
664 1118 860 1155 horrentis
881 1119 1010 1155 Marte
1033 1119 1205 1157 Latinos.

154 1172 333 1213 iainloca
353 1175 455 1208 iussa
473 1177 588 1208 tenet
607 1171 698 1208 forti
719 1175 936 1220 permixtus
956 1172 1122 1209 Etrusco

156 1227 274 1262 Arcas
294 1238 437 1275 eques3
465 1225 615 1262 medias
634 1225 710 1261 illis
729 1238 929 1274 opponere
948 1231 1109 1271 turmas,

154 1293 203 1316 ne
224 1283 359 1316 castris
379 1282 559 1327 iungant,
579 1283 686 1315 certa
706 1284 766 1315 est
785 1282 985 1315 sententia
1005 1279 1146 1316 Turno.
1252 1285 1327 1316 240

153 1346 269 1381 surge
290 1346 362 1381 age
384 1337 425 1368 ct
446 1334 597 1367 Aurora
616 1334 738 1368 socios
759 1335 945 1368 veniente
967 1335 1092 1368 vocari

153 1389 299 1435 primus
312 1389 352 1421 in
366 1399 470 1420 arma
484 1386 574 1421 iube
589 1390 630 1421 et
643 1385 812 1433 clipeum
827 1398 935 1434 cape,
949 1399 1066 1434 quem
1080 1385 1193 1423 dedit
1205 1389 1287 1436 ipse

152 1442 342 1475 invictum
362 1441 588 1487 ignipotens
606 1443 726 1487 atque
747 1451 830 1474 oras
850 1439 988 1475 ambiit
1007 1452 1110 1475 auro.

152 1495 319 1529 crastina
338 1492 417 1536 lux,
438 1505 526 1528 mea
544 1494 575 1527 si
595 1504 674 1527 non
694 1494 812 1528 inrita
830 1491 936 1529 dicta
956 1495 1117 1541 putaris,

151 1548 325 1595 ingentis
349 1545 516 1582 Rutulae
536 1545 732 1593 spectabit
751 1545 881 1581 caedis
900 1545 1096 1582 acervos.”
1251 1550 1325 1583 245

151 1600 318 1644 dixerat,
339 1604 380 1635 et
399 1598 536 1635 dextra
558 1598 766 1635 discedens
786 1598 944 1646 impulit
963 1598 1095 1644 altam,

151 1653 255 1689 haud
276 1655 411 1701 ignara
430 1651 548 1696 modi,
569 1654 756 1700 puppim:
784 1650 888 1700 fugit
906 1651 971 1687 illa
991 1665 1061 1700 per
1080 1651 1205 1689 undas

150 1709 254 1742 ocior
274 1711 315 1742 et
334 1704 460 1741 iaculo
481 1710 522 1742 et
542 1710 680 1741 ventos
699 1710 896 1754 aequante
915 1708 1070 1754 sagitta.

237 1848 277 1866 ²2¹
302 1856 422 1877 nomen
441 1845 518 1885 P71.
651 1845 692 1864 ²²³
716 1845 813 1886 quot]
830 1855 917 1886 quae
933 1845 985 1877 ΡΖ.
1034 1847 1158 1887 puppis
1177 1847 1237 1878 Jsss,

236 1890 277 1908 ²³⁷
302 1888 473 1920 horrentis
489 1889 578 1919 MR:
600 1889 748 1919 orrentis
765 1888 822 1927 7²b
835 1898 846 1918 .·
867 1888 1022 1919 ardentis
1040 1890 1113 1929 l'71.

237 1933 279 1951 ²3⁸
303 1934 424 1963 tenent
440 1932 520 1962 MV.
653 1931 696 1950 ²⁴²²
720 1932 805 1971 ipse]
822 1931 890 1971 igni
917 1932 950 1962 V.

203 1975 278 2056 6²¹⁵
301 1973 473 2017 spectabis
488 1974 601 2014 ΜΡὙΙ,
621 1973 737 2005 known
753 1979 784 2005 lo
800 1974 943 2006 Ser-cius.

155 2025 164 2054 1
177 2024 197 2056 8
