1399 2271
645 80 835 117 VIRGIL

151 168 219 202 uni
238 166 417 216 odiisque
438 169 519 204 viro
538 167 709 217 telisque
728 167 1002 218 frequentibus
1022 171 1183 205 instant.

150 219 216 256 ille
237 220 347 257 velut
367 233 496 269 rupes,
516 226 668 257 vastum
688 234 788 271 quae
808 222 939 270 prodit
959 224 998 258 in
1018 235 1176 272 aequor,

150 274 264 309 obvia
283 279 491 310 ventorum
512 273 621 311 furiis
642 280 883 324 expostaque
903 281 1038 324 ponto,

150 329 227 362 vim
253 333 437 363 cunctam
461 332 581 377 atque
601 331 726 364 minas
752 328 903 377 perfert
922 328 1099 377 caelique
1114 331 1323 378 marisque,

150 383 232 429 ipsa
245 383 406 417 immota
418 394 594 425 manens,
608 381 758 430 prolem
773 381 1025 418 Dolichaonis
1042 382 1222 418 Hebrum
1248 380 1323 423 696

150 437 293 470 sternit
306 434 429 480 humi,
441 448 530 470 cum
543 448 619 484 quo
636 435 827 484 Latagum
843 435 1098 484 Palmumque
1113 434 1307 484 fugacem,

150 487 220 523 sed
241 487 435 537 Latagum
450 501 542 524 saxo
557 494 678 538 atque
694 491 849 537 ingenti
865 488 1058 537 fragmine
1073 491 1219 525 montis

149 546 316 589 occupat
335 554 377 577 os
397 541 617 591 faciemque
637 541 853 587 adversam,
869 542 1019 590 poplite
1042 541 1218 578 Palmum

150 598 298 631 succiso
318 594 419 631 volvi
439 608 603 643 segnem
623 598 726 640 sinit,
748 608 933 644 armaque
955 594 1082 631 Lauso
1248 596 1324 632 700

150 647 272 684 donat
295 648 436 684 habere
457 651 601 685 umeris
621 654 663 685 et
683 651 829 685 vertice
850 649 970 697 figere
991 650 1138 684 cristas.

150 714 224 738 nee
240 715 320 737 non
337 701 550 738 Euanthen
570 702 781 751 Phrygium
802 702 1027 751 Paridisque
1045 702 1238 737 Mimanta

149 754 354 804 aequalem
374 758 652 804 comitemque,
673 769 749 791 una
769 768 887 804 quem
906 760 1024 792 nocte
1042 755 1206 791 Theano

149 811 189 844 in
210 808 337 845 lucem
357 811 528 857 genitori
549 809 700 857 Amyco
720 808 833 844 dedit
852 813 894 845 et
913 808 998 845 face
1017 821 1209 857 praegnas

151 861 290 898 Cisseis
309 865 446 910 regina
468 862 604 898 Parin:
637 862 740 898 Paris
760 863 856 898 urbe
877 867 1042 910 paterna
1249 862 1322 898 705

149 916 328 959 occubat,
349 918 528 963 ignarum
552 915 725 952 Laurens
745 915 866 951 habet
885 928 950 950 ora
974 915 1177 951 Mimanta.

148 982 193 1005 ac
213 968 323 1005 velut
342 968 408 1005 ille
428 982 569 1004 canum
588 981 718 1004 morsu
739 968 789 1004 de
810 969 1008 1004 montibus
1028 968 1117 1004 altis

149 1027 259 1058 actus
278 1035 385 1071 aper,
404 1021 549 1058 multos
570 1021 737 1058 Vesulus
757 1035 875 1071 quem
896 1021 1039 1070 pinifer
1058 1033 1181 1058 annos

149 1075 332 1112 defendit
353 1075 577 1123 multosque
598 1075 708 1123 palus
729 1074 953 1120 Laurentia,
974 1075 1070 1111 silva

150 1134 283 1177 pastus
297 1128 553 1173 harundinea,
567 1134 774 1177 postquam
787 1131 892 1164 inter
903 1131 1003 1164 retia
1015 1132 1178 1164 ventum
1193 1131 1268 1172 est,

149 1183 327 1218 substitit
346 1181 630 1231 infremuitque
650 1181 759 1217 ferox
780 1187 822 1218 et
840 1181 1036 1217 inhorruit
1053 1193 1192 1225 armos,
1249 1182 1291 1218 71
1307 1184 1318 1214 l

149 1249 222 1271 nec
243 1238 423 1284 cuiquam
443 1237 555 1271 irasci
574 1238 782 1284 propiusve
801 1234 991 1271 accedere
1011 1237 1147 1278 virtus,

149 1289 219 1325 sed
239 1289 373 1324 iaculis
393 1291 570 1338 tutisque
590 1288 724 1337 procul
746 1288 978 1324 clamoribus
999 1290 1162 1332 instant,

149 1342 252 1378 haud
273 1342 400 1386 aliter,
421 1344 547 1378 iustae
566 1342 708 1390 quibus
729 1347 790 1378 est
811 1341 1034 1377 Mezentius
1054 1343 1147 1386 irae,

149 1409 227 1431 non
247 1395 317 1431 ulli
339 1400 400 1431 est
419 1397 572 1431 animus
593 1397 730 1431 stricto
751 1407 983 1431 concurrere
1005 1394 1130 1437 ferro;
1250 1394 1324 1431 715

148 1448 359 1485 missilibus
378 1448 497 1497 longe
518 1453 560 1485 et
581 1453 690 1484 vasto
710 1447 878 1484 clamore
898 1447 1106 1484 lacessunt.

149 1502 215 1539 ille
235 1507 369 1538 autem
389 1501 608 1550 impavidus
628 1504 749 1550 partis
769 1506 979 1538 cunctatur
997 1503 1037 1536 in
1058 1502 1197 1546 omnis,

149 1555 336 1592 dentibus
356 1554 601 1599 infrendens,
621 1560 664 1591 et
683 1560 796 1603 tergo
816 1554 970 1591 decutit
989 1553 1131 1590 hastas.

204 1609 376 1645 Venerat
395 1611 566 1657 antiquis
587 1607 749 1657 Corythi
769 1607 819 1644 de
840 1608 981 1644 finibus
1001 1608 1146 1652 Acron,

150 1663 289 1698 Graius
310 1661 440 1707 homo,
463 1662 633 1698 infectos
653 1661 837 1711 linquens
858 1660 1046 1710 profugus
1062 1660 1326 1710 hymenaeos:

190 1797 234 1816 ⁷⁰⁵
260 1796 371 1836 Paris]
401 1802 496 1828 creat,
526 1797 607 1836 PR7
620 1806 631 1827 .·
667 1799 787 1836 crepat
817 1796 855 1826 Μ
857 1796 887 1827 ¹:
921 1795 1018 1826 Paris
1049 1794 1258 1835 conjectured
1286 1794 1326 1835 by

150 1840 286 1880 Bentley
297 1850 307 1870 :
330 1840 447 1880 regina
463 1843 558 1871 creat
573 1853 581 1872 :
608 1839 704 1870 Paris
721 1838 815 1870 Ellis.

191 1883 235 1901 ⁷⁰⁶
257 1887 404 1923 occupat
419 1882 513 1914 ΜῙΕ.
651 1881 696 1901 ⁷⁰⁹
720 1882 814 1923 -queJ
831 1891 885 1912 —ve
900 1881 938 1913 P.

191 1925 235 1945 ⁷¹²
259 1926 328 1964 ΝΘ]
345 1936 423 1966 -que
440 1926 499 1963 Py.

190 1968 298 1987 ⁷¹⁷·⁷¹⁸
320 1968 439 2008 place-d
455 1968 544 2007 aster
561 1969 623 2001 713
639 1968 681 2008 by
695 1967 868 2007 Scaliger:
889 1976 925 1998 ³0
942 1966 1092 2005 Ribbeck,
1111 1966 1242 1997 Hirtzel

150 2034 223 2066 218
