1399 2271
644 88 836 126 VIRGIL

152 180 364 213 contentus
382 175 462 213 late
481 177 559 212 iam
579 180 665 212 tum
685 175 841 213 dicione
863 178 1027 215 tenebat

152 235 336 272 Sarrastis
355 234 519 284 populos
539 239 581 271 et
600 248 700 284 quae
720 238 823 284 rigat
842 249 1010 286 aequora
1030 236 1186 282 Sarnus,

150 296 296 344 quique
332 293 469 331 Rufras
509 293 772 344 Batulumque
804 300 947 332 tenent
981 301 1098 345 atque
1131 310 1221 333 arva

256 352 480 398 Celemnae,

151 418 191 449 et
211 425 307 462 quos
327 412 528 450 maliferae
548 412 784 462 despectant
803 415 959 450 moenia
979 413 1156 459 Abellae,
1252 417 1326 454 740

150 472 368 509 'I'eutonieo
388 475 466 510 ritu
486 472 590 509 soliti
610 477 795 521 torquere
816 475 984 517 cateias3

152 533 327 580 tegmina
346 534 432 581 quis
452 534 625 581 capitum
646 536 779 580 raptus
799 531 849 568 de
869 532 1009 569 subere
1030 537 1178 579 corteX,

149 595 384 640 aerataeque
404 593 552 627 micant
571 590 716 640 peltae,
736 592 854 627 micat
874 603 1010 628 aereus
1032 594 1145 628 ensis.

203 649 255 687 Et
275 655 316 687 te
336 654 540 686 montosae
561 652 702 686 misere.
723 652 763 686 in
785 650 931 698 proelia
953 651 1114 696 Nersae,

153 708 291 754 Ufens,
309 710 506 757 insignem
527 708 630 744 fama
650 713 692 745 et
712 708 892 745 felicibus
912 712 1051 753 armis3
1251 711 1273 749 7
1279 715 1324 747 45

150 767 306 804 horrida
325 770 534 817 praecipue
556 770 617 804 cui
637 780 735 817 gens
755 767 997 818 adsuetaque
1018 768 1144 806 multo

150 832 293 864 venatu
314 839 532 872 nemorum,
553 826 658 863 duris
679 826 898 877 Aequicula
918 827 1078 877 glaebis.

149 889 288 922 armati
308 891 453 923 terram
474 891 664 923 exercent
683 899 917 936 semperque
937 889 1108 923 recentis

150 950 384 982 convectare
404 948 511 982 iuvat
529 944 693 994 praedas
715 950 756 982 et
777 948 906 982 vivere
927 951 1049 994 rapto.

203 1005 309 1051 Quin
331 1010 372 1042 et
393 1004 590 1041 Marruvia
611 1007 720 1041 venit
740 1004 790 1041 de
809 1009 932 1053 gente
952 1005 1145 1052 sacerdos,
1252 1009 1327 1046 750

150 1064 289 1101 fronde
308 1077 426 1114 super
444 1063 598 1113 galeam
619 1068 660 1101 et
679 1063 785 1100 felici
806 1069 986 1113 comptus
1005 1064 1117 1110 oliva,

151 1123 341 1173 Archippi
360 1126 464 1172 regis
483 1125 616 1167 missu,
637 1122 870 1160 fortissimus
892 1123 1054 1168 Umbro,

152 1185 308 1232 vipereo
327 1185 465 1232 generi
486 1187 528 1219 et
547 1184 719 1231 graviter
738 1183 976 1231 spirantibus
998 1181 1130 1232 hydris

150 1255 334 1291 spargere
355 1244 421 1291 qui
442 1253 597 1278 somnos
617 1245 816 1290 cantuque
835 1254 1032 1291 manuque
1054 1242 1218 1288 solebat,

150 1300 429 1350 mulcebatque
448 1303 523 1337 iras
544 1306 586 1337 et
605 1312 755 1337 morsus
775 1305 859 1337 arte
879 1300 1046 1337 levabat.
1252 1304 1326 1341 755

149 1360 219 1397 sed
239 1373 319 1397 non
341 1359 563 1396 Dardaniae
584 1358 771 1395 medicari
791 1359 962 1408 cuspidis
983 1362 1104 1396 ictum

150 1418 297 1456 evaluit
315 1431 445 1468 neque
467 1431 558 1455 eum
578 1420 711 1454 iuvere
731 1421 773 1454 in
794 1418 954 1455 volnere
974 1423 1112 1456 cantus

149 1477 352 1514 somniferi
372 1482 414 1514 et
434 1477 573 1514 Marsis
593 1479 794 1526 quaesitae
814 1477 1016 1514 montibus
1035 1477 1192 1516 herbae.

149 1542 191 1574 te
211 1549 351 1574 nemus
371 1536 571 1585 Angitiae,
592 1538 716 1573 vitrea
734 1540 776 1573 te
798 1535 968 1572 Fucinus
988 1536 1106 1580 unda,

149 1602 191 1633 te
211 1596 352 1646 liquidi
371 1595 514 1632 flevere
534 1595 651 1632 lacus.
1253 1595 1328 1636 760

205 1655 295 1692 Ibat
314 1660 356 1692 et
377 1654 588 1704 Hippolyti
608 1654 738 1703 proles
758 1653 1022 1704 pulcherrima
1041 1654 1158 1701 bello,

151 1715 320 1759 Virbius,
340 1716 537 1763 insignem
557 1726 675 1763 quem
695 1718 822 1750 mater
842 1713 974 1749 Aricia
992 1716 1111 1759 misit,

151 1773 340 1810 eductum
361 1773 528 1822 Egeriae
549 1772 646 1809 lucis
666 1774 843 1809 umentia
864 1774 1009 1808 circum

195 1865 239 1884 ⁷³⁷
286 1864 440 1896 remebat.
456 1866 497 1896 R.
837 1863 881 1883 ⁷³⁸
904 1874 972 1905 qua
989 1865 1026 1896 R.

195 1908 239 1928 ²⁴⁰
292 1907 379 1939 ellae
393 1908 505 1947 MSS„
524 1906 671 1947 Servius,
689 1907 760 1939 who
784 1906 929 1939 however
943 1906 1104 1939 mentions
1119 1907 1171 1940 the
1186 1909 1329 1950 readiny

152 1951 353 2025 Δι’)’ἓέιεῗθθέαε
368 1994 404 2026 P.
498 1992 540 2013 ⁷⁸⁷
565 1993 615 2033 in]
631 1992 674 2024 ad
691 1993 752 2025 ΜΕ.
845 1992 890 2013 ⁷⁸⁸
913 1993 948 2024 in
965 1992 1139 2025 montibus
1156 1994 1218 2026 211².

155 2042 204 2075 53
