1399 2271
641 70 829 108 VIRGIL

146 158 203 194 bis
216 160 320 207 capti
335 157 511 207 Phryges
522 156 620 195 haee
635 157 789 195 Rutulis
802 170 986 207 responsa
999 157 1246 196 remittunt.”

145 216 218 253 hoc
230 222 385 254 tantum
400 217 608 254 Ascanius:
629 217 769 254 Teucri
783 217 951 254 clamore
964 222 1183 267 sequuntur
1242 215 1318 254 636

144 275 373 326 laetitiaque
393 276 570 314 fremunt
588 279 816 326 animosque
837 276 887 313 ad
906 276 1033 313 sidera
1052 276 1210 314 tollunt.

196 334 387 372 Aetheria
405 340 491 372 tum
511 334 613 372 forte
633 335 749 385 plaga
768 337 930 372 crinitus
952 335 1095 384 Apollo

143 393 314 444 desuper
333 394 525 431 Ausonias
545 396 646 431 acies
667 395 883 444 urbemque
903 393 1076 440 videbat,

144 453 248 490 nube
268 453 422 500 sedens,
443 459 563 503 atque
582 453 643 490 his
662 456 851 490 victorem
871 452 1027 490 adfatur
1048 452 1200 491 Iulum:
1240 451 1317 490 640

145 516 307 549 “macte
326 525 426 549 nova
445 515 605 558 virtute,
625 525 746 562 puer:
775 514 829 549 sic
849 515 929 549 itur
947 512 997 549 ad
1016 517 1134 558 astra,

144 571 203 607 dis
221 574 358 620 genite
379 577 421 609 et
440 574 623 621 geniture
643 571 748 608 deos.
806 573 889 608 iure
910 573 1040 608 omnia
1060 572 1163 608 bella

143 636 265 679 gente
285 632 357 667 sub
377 631 554 667 Assaraci
574 630 656 667 fato
676 636 840 667 ventura
861 630 1059 674 resident;

143 701 216 725 nec
237 694 277 726 te
298 690 412 726 Troia
431 689 573 739 capit.''
631 689 745 726 simul
765 689 862 726 haec
883 689 1021 726 effatus
1040 690 1088 726 ab
1109 689 1190 727 alto

142 748 304 785 aethere
325 761 365 785 se
384 750 522 793 mittit,
543 751 727 798 spirantis
747 747 923 785 dimovet
942 761 1053 785 auras
1241 748 1316 787 645

143 807 434 857 Ascaniumque
455 809 567 856 petit.
626 806 790 843 sormam
809 812 895 844 tum
916 810 1083 844 vertitur
1102 810 1178 845 oris

142 868 348 916 antiquum
367 869 408 902 in
429 866 570 903 Buten.
628 865 692 901 hie
713 865 913 902 Dardanio
933 866 1131 904 Anchisae

142 928 312 975 armiger
329 930 423 962 ante
443 924 519 962 fuit
539 924 716 975 fidusque
735 924 784 961 ad
805 925 940 961 limina
960 930 1113 970 eustos;

142 989 227 1020 tum
243 986 428 1021 comitem
443 983 612 1020 Ascanio
627 988 740 1032 pater
751 983 914 1021 addidit.
972 984 1055 1021 ibat
1070 985 1213 1034 Apollo

142 1045 272 1079 omnia
290 1043 482 1092 longaevo
502 1042 650 1087 similis,
670 1055 885 1092 vocemque
905 1042 1154 1094 coloremque
1241 1043 1317 1082 650

143 1107 184 1139 et
203 1104 319 1139 erinis
339 1102 446 1138 albos
467 1106 509 1138 et
528 1114 642 1138 saeva
661 1102 863 1138 sonoribus
883 1114 1000 1147 arma,

141 1166 261 1211 atque
280 1160 339 1197 his
359 1160 566 1197 ardentem
586 1159 702 1197 dictis
721 1159 878 1197 adfatur
899 1160 1053 1198 Iulum:

142 1222 229 1256 “sit
248 1222 353 1265 satis,
375 1219 543 1264 Aenide,
564 1218 654 1255 telis
674 1221 835 1268 impune
856 1219 1082 1256 Numanum

141 1281 354 1328 oppetiisse
375 1281 452 1315 tuis
469 1290 476 1314 :
501 1280 666 1327 primam
681 1277 783 1314 hanc
799 1278 871 1314 tibi
887 1291 1052 1327 magnus
1069 1279 1212 1328 Apollo

142 1338 325 1375 concedit
343 1337 501 1374 laudem
521 1342 562 1374 et
583 1338 739 1386 paribus
757 1349 837 1373 non
857 1337 1010 1374 invidet
1028 1341 1167 1376 armis:
1241 1338 1316 1377 655

142 1402 274 1434 cetera
293 1409 420 1446 parce,
441 1409 551 1445 puer,
572 1395 714 1432 bello.’'
770 1398 825 1433 sic
845 1409 952 1433 orsus
973 1397 1117 1446 Apollo

141 1456 315 1493 mortalis
335 1455 465 1492 medio
486 1460 668 1504 aspectus
688 1467 867 1491 sermone
887 1455 1047 1505 reliquit

141 1521 183 1553 et
202 1515 336 1565 procul
356 1518 396 1551 in
415 1519 579 1552 tenuem
600 1527 646 1550 ex
668 1514 788 1550 oculis
809 1517 968 1550 evanuit
986 1527 1130 1553 auram.

141 1575 364 1624 adgnovere
385 1573 504 1611 deum
524 1586 705 1623 proceres
725 1572 935 1623 divinaque
956 1573 1037 1610 tela

143 1632 391 1670 Dardanidae
403 1632 708 1682 pharetramque
722 1632 815 1681 fuga
827 1645 986 1670 sensere
999 1638 1216 1671 sonantem.
1240 1632 1316 1672 660

141 1706 234 1742 ergo
254 1693 411 1729 avidum
431 1704 589 1741 pugnae
609 1692 725 1728 dictis
745 1696 788 1729 et
807 1694 968 1728 numine
993 1691 1140 1728 Phoebi

143 1753 351 1789 Ascanium
373 1751 599 1801 prohibent,
618 1752 691 1800 ipsi
712 1753 752 1787 in
773 1754 987 1787 certamina
1007 1764 1137 1788 rursus

353 1888 395 1907 ⁸²⁵
421 1888 514 1918 misit
531 1887 605 1926 P’yl.
811 1887 854 1905 ⁸⁴⁵
878 1886 986 1917 forma
1004 1887 1069 1917 PR.

352 1931 392 1949 ¹³⁵¹
418 1930 527 1969 albos]
544 1929 649 1961 flavos
667 1930 705 1961 R.
809 1928 853 1948 ⁶⁵⁷
877 1932 1018 1972 aspectu
1036 1930 1139 1962 MPR.

351 1973 393 1992 ⁶⁵¹
419 1976 466 2011 et]
483 1983 521 2004 ac
540 1974 603 2004 PR.

141 2021 213 2060 156
