1461 2469
637 551 806 606 AEN
813 551 942 606 EIS

599 725 830 772 LIBER
878 725 984 770 VII

206 858 263 894 Tu
284 870 439 907 quoque
460 857 638 893 litoribus
658 859 813 902 nostris,
836 856 985 893 Aeneia
1007 858 1153 902 nutrix,·
1300 866 1376 892 upa

205 924 406 956 aeternam
427 921 598 955 moriens
617 917 776 964 samam,
795 918 942 964 Caieta,
964 917 1133 961 dedisti3

206 986 247 1018 et
262 994 366 1017 nunc
381 985 511 1017 servat
527 979 650 1016 honos
666 979 802 1016 sedem
817 984 921 1025 tuus,
938 992 1101 1029 ossaque
1117 992 1262 1016 nomen

208 1043 403 1091 Hesperia
418 1044 459 1078 in
474 1054 630 1090 magna,
645 1043 676 1077 si
692 1054 769 1091 qua
786 1046 847 1078 est
863 1053 908 1077 ea
924 1041 1058 1089 gloria,
1074 1043 1215 1090 signat.

257 1103 314 1140 At
333 1105 420 1152 pius
441 1105 635 1152 exsequiis
655 1102 812 1139 Aeneas
832 1104 908 1139 rite
928 1101 1078 1148 solutis,
1279 1115 1380 1139 mimi

204 1178 350 1215 aggere
366 1167 582 1214 composito
599 1163 754 1209 tumuli,
770 1169 978 1214 postquam
994 1164 1073 1201 alta
1089 1165 1278 1214 quierunt
1358 1163 1381 1201 6

204 1240 385 1276 aequora,
404 1226 538 1263 tendit
558 1229 634 1263 iter
653 1226 750 1263 velis
768 1231 1007 1275 portumque
1027 1226 1226 1276 relinquit.

204 1287 407 1337 adspirant
425 1300 542 1323 aurae
562 1289 602 1323 in
623 1292 794 1332 noctem,
815 1299 890 1324 nec
910 1286 1077 1323 candida
1096 1300 1231 1324 cursus

208 1350 317 1385 Luna
337 1353 470 1398 negat,
492 1347 678 1398 splendet
697 1347 867 1385 tremulo
887 1349 959 1385 sub
978 1347 1128 1386 lumine
1148 1353 1303 1398 pontus.

205 1413 379 1459 proxima
400 1410 581 1447 Circaeae
601 1409 794 1446 raduntur
813 1410 927 1446 litora
946 1415 1088 1457 terrae,
1336 1416 1379 1449 10

203 1473 312 1509 dives
332 1474 550 1508 inaccessos
571 1472 636 1507 ubi
658 1470 758 1508 Solis
779 1470 855 1507 filia
875 1470 982 1508 lucos

203 1533 366 1570 adsiduo
386 1537 544 1570 resonat
564 1537 695 1578 cantii,
716 1534 912 1582 tectisque
933 1533 1110 1582 superbis

205 1598 282 1632 urit
301 1595 503 1631 odoratam
523 1599 717 1631 nocturna
737 1595 776 1630 in
798 1593 947 1630 lumina
967 1594 1142 1640 cedrum,

203 1662 342 1705 arguto
364 1658 494 1692 tcnuis
514 1668 748 1704 percurrens
769 1657 929 1704 pectine
950 1655 1060 1692 telas.

202 1718 294 1755 hinc
315 1717 490 1755 exaudiri
511 1719 683 1766 gemitus
703 1719 862 1766 iraeque
882 1716 1043 1753 leonum
1336 1721 1379 1754 15

203 1776 330 1813 vincla
349 1781 602 1813 recusantum
623 1781 664 1812 et
685 1788 771 1813 sera
790 1776 862 1812 sub
882 1780 1001 1812 nocte
1022 1775 1248 1822 rudentum,

202 1840 464 1888 saetigerique
486 1850 575 1874 sues
594 1842 714 1887 atque
735 1840 775 1873 in
795 1838 1050 1887 praesepibus
1071 1840 1149 1875 ursi

202 1902 361 1946 saevire,
382 1913 426 1936 ac
447 1899 595 1936 formae
615 1912 849 1948 magnorum
870 1899 1022 1936 ululare
1042 1898 1238 1949 luporum,

329 1986 341 2004 ²
364 1984 489 2015 famam
506 1984 653 2015 moriens
670 1984 724 2016 P1.
931 1985 943 2004 ⁴
967 1984 1105 2026 signant
1121 1986 1194 2017 MP.

328 2028 339 2047 ⁷
363 2031 484 2068 portus
500 2028 539 2058 P.
929 2027 942 2046 ⁸
966 2038 1102 2058 cursum
1119 2029 1157 2058 R.

312 2071 338 2089 ¹³
362 2074 530 2101 nocturno
547 2069 582 2101 in
598 2069 727 2100 lumine
745 2070 790 2101 M.
915 2069 942 2089 ¹⁵
966 2070 1130 2102 exaudire
1147 2070 1188 2102 P.

312 2113 340 2133 ¹⁸
363 2123 464 2144 saeva
481 2113 517 2145 P.
