1399 2271
680 74 868 109 VIRGIL

185 180 376 214 sternitur
395 177 586 214 Arcadiae
606 176 747 226 proles,
767 182 999 214 sternuntur
1017 177 1186 224 Etrusci,

186 242 228 273 et
246 249 324 282 vos,
345 250 368 273 o
388 235 501 273 Grais
520 236 732 285 imperdita
750 249 925 285 corpora,
945 236 1097 273 Teucri.
1283 240 1359 272 430

185 298 343 345 agmina
358 300 598 331 concurrunt
617 295 861 344 ducibusque
883 299 925 331 et
944 295 1088 331 viribus
1106 296 1252 344 aequis.

186 357 353 392 extremi
373 354 598 391 addensent
616 356 719 390 acies
739 367 812 391 nec
833 354 948 390 turba
967 356 1115 390 moveri

186 413 267 450 tela
282 425 499 462 manusque
515 415 618 449 sinit.
668 412 760 448 hinc
778 412 902 448 Pallas
916 414 1039 449 instat
1053 417 1095 448 et
1109 416 1238 460 urget,

186 473 278 509 hinc
295 477 430 509 contra
448 471 609 516 Lausus,
624 484 698 508 nec
714 471 883 508 multum
898 471 1094 520 discrepat
1112 475 1234 515 actas,

187 534 336 581 egregii
356 530 492 576 forma,
512 529 582 567 sed
602 531 687 579 quis
710 529 881 566 Fortuna
900 534 1065 577 negarat
1285 531 1360 564 435

186 593 226 626 in
246 592 414 639 patriam
433 588 595 625 reditus.
653 591 756 637 ipsos
776 600 1007 624 concurrere
1027 600 1161 636 passus

187 648 293 685 haud
311 653 446 685 tamen
466 651 572 684 inter
590 660 632 684 se
653 649 786 696 magni
806 652 991 695 regnator
1010 646 1196 695 Olympi;

186 720 277 744 mox
296 707 383 743 illos
403 719 471 743 sua
491 706 572 743 fata
591 711 756 742 manent
774 708 920 742 maiore
941 706 1013 742 sub
1031 704 1157 741 hoste.

242 766 401 802 Interea
421 778 527 802 soror
547 764 649 805 alma
667 770 805 801 monet
824 764 1037 801 succedere
1057 763 1184 800 Lauso

187 825 377 870 Turnum,
393 827 459 874 qui
475 823 620 860 volucri
635 836 750 860 curru
765 823 940 859 medium
955 828 1064 859 secat
1078 834 1232 871 agmen.
1287 826 1363 857 440

188 890 233 921 ut
251 884 350 920 vidit
369 886 493 920 socios
509 896 516 919 :
546 887 570 903 “
582 888 740 931 tempus
759 882 951 919 desistere
970 894 1127 931 pugnae
1145 893 1154 924 3

187 942 292 980 solus
311 955 386 991 ego
406 944 447 978 in
468 941 647 978 Pallanta
666 941 781 986 feror,
802 941 873 977 soli
892 940 988 976 mihi
1011 940 1136 976 Pallas

187 1002 374 1045 debetur;
394 1013 580 1049 cuperem
596 1002 679 1048 ipse
694 1012 836 1049 parens
850 1004 1049 1048 spectator
1063 997 1258 1035 adesset.''

189 1061 285 1097 haec
303 1062 372 1105 ait,
393 1064 435 1096 et
454 1061 547 1096 socii
566 1063 772 1095 cesserunt
790 1071 961 1108 aequore
979 1060 1093 1094 iusso.

187 1125 229 1156 at
250 1118 440 1155 Rutulum
461 1118 643 1154 abscessu
664 1119 816 1154 iuvenis
835 1122 934 1162 tum,
954 1118 1056 1153 iussa
1076 1116 1243 1165 superba
1291 1119 1364 1151 445

188 1181 364 1224 miratus,
383 1182 520 1226 stupet
539 1179 579 1213 in
599 1176 732 1213 Turno
752 1189 970 1226 corpusque
990 1188 1061 1225 per
1080 1177 1221 1224 ingens

188 1238 337 1273 lumina
356 1235 478 1272 volvit
497 1235 658 1285 obitque
680 1237 781 1271 truci
801 1234 936 1283 procul
956 1235 1086 1270 omnia
1106 1236 1204 1279 visu,

188 1296 332 1333 talibus
353 1300 395 1332 et
415 1295 532 1332 dictis
551 1297 583 1331 it
603 1299 738 1331 contra
758 1294 865 1330 dicta
883 1295 1066 1342 tyranni:

191 1359 295 1391 “aut
315 1353 448 1403 spoliis
469 1366 543 1402 ego
563 1355 640 1389 iam
660 1355 780 1401 raptis
801 1351 989 1388 laudabor
1008 1353 1147 1400 opimis

188 1419 258 1451 aut
276 1413 358 1450 leto
378 1414 548 1461 insigni3
576 1413 671 1448 sorti
692 1416 804 1460 pater
823 1423 971 1460 aequus
992 1413 1149 1462 utrique
1171 1415 1243 1446 est.
1291 1414 1367 1446 450

189 1471 285 1509 tolle
305 1470 468 1507 minas.''
525 1470 629 1507 fatus
649 1470 825 1506 medium
845 1469 1025 1519 procedit
1045 1471 1085 1504 in
1104 1481 1259 1518 aequor.

189 1530 355 1580 frigidus
376 1529 594 1566 Arcadibus
615 1531 693 1565 coit
712 1531 753 1565 in
772 1528 1000 1578 praecordia
1020 1530 1189 1577 sanguis.

190 1589 351 1626 desiluit
368 1588 525 1625 Turnus
545 1588 700 1636 biiugis,
722 1586 845 1636 pedes
864 1591 1028 1636 apparat
1047 1588 1103 1622 ire

189 1650 430 1691 comminus;
459 1651 582 1696 utque
604 1646 678 1691 leo,
699 1645 858 1695 specula
878 1658 967 1682 cum
987 1645 1086 1682 vidit
1105 1645 1154 1681 ab
1173 1645 1253 1682 alta

189 1712 293 1744 stare
306 1705 440 1756 procul
454 1708 600 1754 campis
613 1705 877 1742 meditantem
889 1706 930 1740 in
943 1703 1091 1753 proelia
1103 1709 1273 1750 taurum,
1290 1708 1364 1740 455

189 1765 367 1803 advolat:
398 1764 504 1801 haud
523 1763 600 1800 alia
619 1769 681 1801 est
700 1764 822 1800 Turni
842 1765 1038 1800 venientis
1058 1765 1198 1812 imago.

190 1826 295 1863 hunc
315 1825 381 1862 ubi
401 1827 630 1873 contiguum
652 1826 791 1861 missae
813 1823 896 1860 fore
917 1823 1086 1860 credidit
1104 1822 1257 1869 hastae,

319 1926 363 1945 ⁴³³²
386 1925 578 1956 addensant
596 1925 739 1966 JlP2A’7.
863 1924 905 1943 4³¹
930 1934 1044 1965 pugna
1060 1924 1099 1955 R.

319 1969 363 1988 ⁴⁴⁶
387 1968 532 2000 miratur
549 1968 625 2009 137¹.
863 1967 907 1988 ‘⁵⁵
930 1967 965 1998 in
982 1967 1116 1998 omitted
1132 1966 1173 2008 by
1191 1967 1248 2008 Ρη.

193 2017 270 2050 200
