1399 2271
637 63 828 99 VIRGIL

146 151 247 199 (tum
261 163 391 200 neque
404 164 548 187 nomen
563 156 647 187 erat
658 163 789 200 neque
801 150 924 186 honos
937 155 1005 186 aut
1017 149 1140 198 gloria
1152 146 1308 199 monti),

146 212 386 259 prospiciens
405 209 559 246 tumulo
578 222 760 258 campum
779 209 1009 258 aspectabat
1023 213 1066 245 et
1083 208 1217 244 ambas
1250 205 1320 244 136

149 268 390 305 Laurentum
409 267 635 318 Troumque
655 271 759 304 acies
779 268 997 317 urbemque
1019 267 1161 304 Latini.

147 327 348 377 extemplo
368 327 491 364 Turni
510 330 565 364 sic
585 332 647 364 est
663 327 798 364 adfata
817 339 1002 372 sororem,

147 387 235 423 diva
256 387 384 433 deam,
404 390 554 436 stagnis
574 400 674 436 quae
694 386 997 435 fluminibusque
1018 387 1166 422 sonoris

148 445 369 494 praesidet;
398 445 503 481 hunc
524 445 580 481 illi
602 458 669 482 rex
689 445 861 481 aetheris
880 444 984 481 altus
1003 444 1191 480 honorem
1252 447 1322 479 140

150 504 329 554 Iuppiter
349 510 486 553 erepta
505 517 575 553 pro
595 506 823 553 virginitate
843 506 1030 540 sacravit:

149 567 173 584 “
184 562 370 613 nympha,
384 563 504 600 decus
517 563 733 609 fluviorum,
746 565 877 598 animo
890 564 1109 612 gratissima
1122 567 1269 607 nostro,

149 625 222 660 scis
241 628 287 659 ut
305 627 347 659 te
368 624 521 659 cunctis
542 635 672 668 unam,
693 634 964 672 quaecumque
986 621 1150 658 Latinae

149 683 390 731 magnanimi
413 681 514 717 Iovis
534 683 734 729 ingratum
753 680 967 717 ascendere
988 680 1130 725 cubile,

149 739 403 789 praetulerim
426 739 602 788 caelique
622 739 750 775 libens
770 741 808 775 in
830 744 942 788 parte
962 733 1144 775 locari'm:
1256 742 1326 775 145

150 799 257 835 disce
277 803 404 844 tuum,
424 811 475 835 ne
495 811 558 834 me
580 801 747 843 incuses,
770 798 947 844 Iuturna,
967 797 1153 835 dolorem.

149 871 225 907 qua
244 860 325 893 visa
345 862 406 894 est
427 857 599 893 Fortuna
618 859 701 906 pati
723 856 943 906 Parcaeque
963 857 1147 894 sinebant

150 916 293 953 cedere
313 929 375 952 res
396 915 523 961 Latio,
544 916 721 952 Turnum
742 921 784 952 et
803 921 872 953 tua
891 919 1047 953 moenia
1066 918 1173 952 texi:

152 988 257 1012 nunc
276 977 461 1011 iuvenem
481 975 694 1023 imparibus
713 974 827 1011 video
848 987 1080 1011 concurrere
1100 974 1203 1021 fatis,

156 1034 439 1083 Parcarumque
460 1033 544 1070 dies
564 1038 606 1070 et
625 1036 680 1070 vis
702 1036 859 1069 inimica
878 1035 1128 1083 propinquat.
1258 1038 1329 1071 150

151 1106 231 1130 non
243 1106 417 1142 pugnam
431 1095 605 1142 aspicere
618 1091 720 1129 hanc
733 1092 868 1138 oculis,
881 1105 960 1129 non
972 1092 1132 1129 foedera
1144 1104 1311 1142 possum.

153 1158 197 1188 tu
218 1164 288 1201 pro
307 1164 496 1201 germano
515 1153 546 1188 si
567 1151 661 1201 quid
683 1154 929 1200 praesentius
947 1151 1082 1197 audes,

154 1224 275 1260 perge
291 1224 299 1255 ;
327 1210 456 1247 decet.
506 1210 635 1247 forsan
649 1213 810 1247 miseros
822 1210 984 1248 meliora
996 1210 1252 1260 sequentur.''

206 1270 280 1306 Vix
300 1282 359 1315 ea,
379 1282 467 1306 cum
487 1268 664 1306 lacrimas
684 1269 805 1306 oculis
825 1268 990 1306 Iuturna
1009 1269 1186 1319 profudit

152 1334 292 1378 terque
300 1333 518 1378 quaterque
529 1341 649 1364 manu
662 1333 802 1377 pectus
814 1331 1008 1378 percussit
1020 1328 1242 1366 honestum.
1262 1332 1332 1366 155

152 1391 270 1423 “non
289 1386 457 1422 lacrimis
477 1386 551 1422 hoc
570 1385 766 1435 tempus,'’
787 1388 843 1423 ait
862 1385 1045 1423 Saturnia
1066 1386 1189 1424 Iuno:

154 1449 178 1466 “
190 1445 366 1482 accelera
383 1450 425 1482 et
445 1444 619 1490 fratrem,
638 1447 670 1481 si
691 1447 777 1495 quis
796 1445 948 1491 modus,
964 1448 1071 1494 eripe
1088 1448 1203 1482 morti
1218 1457 1229 1490 ;

153 1510 222 1541 aut
241 1510 284 1541 tu
305 1504 409 1541 bella
428 1507 487 1541 cie
509 1509 826 1554 conceptumque
848 1509 990 1541 excute
1010 1504 1159 1541 foedus.

154 1569 290 1600 auctor
309 1577 384 1613 ego
403 1563 616 1600 audendi.’'
672 1566 726 1599 sic
746 1563 953 1600 exhortata
973 1563 1134 1614 reliquit

154 1625 345 1658 incertam
366 1627 409 1658 et
427 1624 531 1658 tristi
551 1621 749 1658 turbatam
770 1621 929 1659 volnere
949 1625 1105 1659 mentis.
1262 1620 1333 1659 160

210 1682 369 1718 Interea
387 1694 515 1730 reges,
535 1683 691 1730 ingenti
709 1680 814 1717 mole
835 1681 1000 1718 Latinus

156 1740 388 1790 quadriiugo
408 1739 566 1777 vehitur
585 1753 713 1786 curru,
729 1743 791 1777 cui
811 1745 990 1789 tempora
1010 1743 1155 1777 circum

159 1802 281 1835 aurati
302 1800 360 1835 bis
380 1812 447 1835 sex
468 1798 564 1835 radii
585 1798 780 1848 fulgentia
799 1801 978 1849 cingunt,

289 1880 332 1898 Ν*
355 1880 530 1910 carissima
544 1880 636 1920 Ple-y.
894 1879 939 1899 ¹⁴⁸
962 1878 1095 1911 Latinis
1112 1879 1202 1920 P²7¹.

289 1922 331 1941 ¹⁵¹
355 1923 389 1952 in
406 1921 541 1953 foedere
559 1922 619 1953 M².

287 1964 330 1984 ¹⁸²
353 1974 411 1995 rex
429 1966 561 2006 ingenti
577 1964 619 1997 de
635 1967 723 1997 mole
739 1967 800 1999 M1.
895 1966 937 1986 ³⁶³
960 1966 1126 2008 quadriga
1141 1966 1219 2007 1271,

160 2013 233 2046 308
