1399 2271
576 41 766 77 VIRGIL

83 130 297 165 ambrosiae
318 140 429 165 sucos
449 133 492 165 et
511 127 746 164 odoriferam
767 141 990 177 panaceam.

85 188 180 224 fovit
200 200 245 223 ea
265 186 402 223 volnus
422 186 584 236 lympha
603 186 816 235 longaevus
838 187 960 236 Iapyx
1183 191 1258 223 420

84 250 281 296 ignorans,
301 247 510 295 subitoque
530 248 655 282 omnis
676 246 726 282 de
747 258 908 295 corpore
927 245 1031 295 fugit

84 309 228 356 quippe
249 305 372 350 dolor,
392 307 517 341 omnis
537 307 652 341 stetit
671 307 749 340 imo
769 304 928 341 volnere
949 307 1117 354 sanguis.

85 368 239 414 iamque
259 370 393 401 secuta
412 377 573 399 manum
593 363 702 400 nullo
722 368 891 412 cogente
912 366 1057 412 sagitta

85 423 245 469 excidit,
263 428 382 472 atque
403 435 526 459 novae
546 422 699 459 rediere
720 424 759 458 in
780 425 944 471 pristina
964 425 1075 459 vires.

86 488 227 519 “arma
247 485 314 519 citi
335 486 543 531 properate
565 482 668 518 viro!
698 481 791 530 quid
813 482 953 517 statis?
968 480 988 493 '’
1022 481 1142 530 Iapyx
1187 485 1260 517 425

86 542 305 578 conclamat
325 545 550 590 primusque
570 543 721 577 animos
741 539 924 576 accendit
944 542 984 575 in
1004 539 1169 577 hostem.

87 605 202 637 “non
223 600 320 636 haec
341 600 521 636 humanis
541 600 694 649 opibus,
714 612 794 635 non
814 604 899 635 arte
919 601 1106 648 magistra

88 662 335 709 proveniunt,
352 671 481 708 neque
497 664 552 704 te,
568 659 717 703 Aenea,
731 670 818 693 mea
834 657 998 694 dextera
1012 663 1158 694 servat:

88 721 208 754 maior
227 722 310 766 agit
329 717 426 754 deus
445 723 565 767 atque
585 730 704 766 opera
722 717 772 753 ad
791 718 936 752 maiora
951 716 1157 753 remittit.''

89 777 153 813 ille
174 777 309 813 avidus
331 789 487 825 pugnae
508 789 615 812 suras
636 775 850 812 incluserat
868 788 963 812 auro
1190 779 1265 812 430

89 836 179 872 hine
192 841 311 885 atque
326 836 417 871 hine
431 835 593 884 oditque
607 847 734 872 moras
747 835 978 884 hastamque
992 840 1180 872 coruscat.

88 900 295 944 postquam
316 894 455 930 habilis
472 894 584 931 lateri
602 894 750 943 clipeus
768 894 964 944 loricaque
980 899 1093 943 tergo
1111 899 1183 940 est,

90 954 301 990 Ascanium
322 953 417 990 fusis
438 957 583 990 circum
603 953 881 1002 complectitur
901 955 1017 989 armis

89 1026 319 1062 summaque
340 1025 410 1061 per
429 1011 583 1060 galeam
604 1011 782 1048 delibans
802 1011 933 1048 oscula
953 1011 1058 1048 fatur
1076 1025 1084 1049 :

90 1076 113 1092 “
125 1072 246 1115 disce,
262 1084 372 1120 puer,
388 1074 576 1108 virtutem
593 1083 640 1107 ex
656 1084 720 1107 me
736 1083 950 1120 verumque
966 1071 1153 1117 laborem,
1193 1075 1267 1108 435

91 1130 288 1166 fortunam
308 1142 356 1166 ex
376 1129 471 1166 aliis.
529 1142 634 1165 nune
653 1134 695 1166 te
716 1141 804 1165 mea
823 1129 988 1166 dextera
1007 1129 1112 1166 bello

91 1188 299 1225 defensum
319 1188 430 1224 dabit
450 1192 492 1224 et
511 1201 654 1237 magna
673 1190 778 1224 inter
797 1191 969 1237 praemia
989 1188 1131 1225 ducet:

92 1256 134 1286 tu
155 1250 287 1294 facito,
308 1263 398 1286 mox
419 1262 508 1285 cum
527 1255 680 1286 matura
699 1249 919 1286 adoleverit
938 1255 1058 1296 aetas,

92 1311 141 1346 sis
155 1314 360 1345 memoret
372 1314 413 1345 te
427 1311 557 1344 animo
571 1313 823 1357 repetentem
837 1309 1019 1358 exempla
1031 1314 1188 1346 tuorum

91 1373 133 1405 et
153 1374 266 1417 pater
286 1368 442 1404 Aeneas
463 1373 505 1404 et
524 1367 739 1404 avunculus
761 1370 911 1404 excitet
933 1368 1123 1406 Hector.”
1194 1373 1270 1406 440

145 1427 258 1463 Haec
274 1427 340 1463 ubi
355 1426 461 1463 dicta
477 1426 600 1472 dedit,
615 1429 736 1475 portis
749 1439 835 1463 sese
851 1424 995 1464 extulit
1009 1430 1163 1477 ingens,

91 1485 215 1521 telum
231 1488 402 1521 immane
417 1498 535 1521 manu
551 1488 733 1535 quatiens
743 1498 752 1529 ;
773 1485 888 1522 simul
903 1489 1061 1535 agmine
1075 1487 1197 1525 denso

92 1544 354 1594 Antheusque
369 1544 683 1594 Mnestheusque
697 1550 816 1581 ruunt
829 1547 1033 1595 omnisque
1046 1546 1192 1583 relictis

92 1603 205 1639 turba
224 1602 310 1639 fluit
330 1606 476 1640 eastris.
533 1608 619 1640 tum
640 1616 757 1640 caeco
776 1603 938 1653 pulvere
958 1617 1117 1654 campus

92 1664 278 1698 miscetur
297 1662 491 1712 pulsuque
511 1662 657 1711 pedum
677 1665 815 1699 tremit
834 1666 964 1700 excita
983 1664 1112 1701 tellus.
1193 1669 1267 1701 445

91 1720 190 1756 vidit
208 1721 258 1756 ab
277 1720 440 1757 adverso
461 1724 657 1758 venientis
677 1733 823 1770 aggere
843 1720 1013 1768 Turnus,

93 1778 224 1815 videre
246 1780 421 1824 Ausonii,
442 1779 675 1829 gelidusque
697 1793 767 1829 per
787 1782 863 1816 ima
884 1784 1055 1818 cucurrit

264 1853 369 1872 4²¹·425
393 1854 527 1884 omitted
543 1854 589 1893 γι.
733 1854 777 1874 ⁴²²
800 1855 835 1885 in
852 1855 990 1886 volnere
1007 1856 1126 1897 P²J27·.

263 1897 305 1914 42³
329 1907 431 1927 manu
448 1896 603 1936 M¹P²7²:
626 1907 747 1928 manus
763 1897 852 1937 P¹71.

263 1939 306 1957 ⁴²⁸
330 1942 365 1969 te
380 1939 515 1970 omitted
532 1939 594 1972 M&
731 1940 775 1959 ‘⁴⁴
797 1940 868 1972 ruit
884 1941 920 1973 P.

95 1987 168 2020 328
