1399 2271
640 102 829 138 VIRGIL

147 189 212 226 ille
233 191 335 239 rapit
354 187 524 225 calidum
544 188 687 225 frustra
705 188 756 225 de
777 188 935 226 volnere
956 188 1080 226 telum
1099 202 1107 226 z

147 256 223 279 una
242 242 462 291 eademque
479 244 539 278 via
558 244 715 290 sanguis
735 244 965 292 animusque
985 248 1214 292 sequuntur.

147 298 291 333 corruit
312 298 351 331 in
371 295 508 332 volnus
524 294 713 346 (sonitum
734 308 851 344 super
869 309 975 331 arma
994 296 1158 345 dedere)

147 355 188 386 et
207 355 352 386 terram
372 348 556 386 hostilem
576 351 744 385 moriens
766 351 869 398 petit
888 362 955 385 ore
974 355 1149 386 cruento.

147 416 264 453 quem
283 402 439 438 Turnus
459 415 577 451 super
593 401 811 439 adsistens:
1248 407 1322 445 490

147 461 171 477 “
188 455 371 500 Arcades,
383 455 519 501 haec‚''
534 458 675 505 inquit,
687 459 712 476 ‘⁶
725 468 917 492 memores
929 468 1016 492 mea
1029 455 1133 492 dicta
1147 456 1292 494 referte

148 509 355 546 Euandro:
384 509 540 558 qualem
560 511 717 554 meruit,
739 509 915 545 Pallanta
935 511 1105 546 remitto,

147 565 321 613 quisquis
339 562 463 599 honos
482 562 637 607 tumuli,
652 562 844 612 quidquid
863 562 1036 598 solamen
1052 562 1240 599 humandi

148 621 326 720 largigjl?
341 669 445 706 haud
467 669 522 705 illi
543 669 705 706 stabunt
725 669 876 705 Aeneia
896 682 1013 718 parvo

148 722 355 773 hospitia.”
411 728 454 760 et
473 723 584 759 laevo
604 725 746 773 pressit
765 722 867 771 pede
887 723 980 759 talia
1001 722 1104 759 fatus
1249 727 1323 765 495

148 779 383 822 exanimem,
401 778 557 826 rapiens
577 778 762 812 immania
781 776 955 824 pondera
974 776 1094 813 baltei

149 833 460 880 impressumque
480 829 590 866 nefas
607 842 614 866 ε
642 842 720 866 una
740 830 811 865 sub
831 834 948 866 nocte
968 830 1087 878 iugali

149 897 260 921 caesa
279 896 417 919 manus
437 885 622 920 iuvenum
642 882 758 919 foede
778 882 1020 932 thalamique
1041 886 1207 929 cruenti,

149 950 249 987 quae
270 937 413 973 Clonus
435 936 647 986 Eurytides
665 936 792 972 multo
812 935 1030 973 caelaverat
1049 950 1093 972 au
1102 950 1166 980 ro;

149 1004 226 1040 quo
245 1003 350 1027 nunc
370 990 525 1026 Turnus
545 994 635 1025 ovat
653 989 777 1038 spolio
797 989 1023 1039 gaudetque
1045 993 1204 1039 potitus.
1249 995 1324 1027 500

150 1046 280 1081 nescia
299 1056 410 1080 mens
430 1043 634 1079 hominum
653 1043 723 1079 fati
745 1046 937 1092 sortisque
958 1043 1112 1080 futurae

150 1104 192 1134 et
211 1110 363 1134 servare
382 1096 555 1142 modum,
576 1097 691 1132 rebus
711 1095 863 1132 sublata
883 1096 1086 1132 secundis!

150 1151 282 1187 Turno
296 1155 454 1198 tempus
470 1152 557 1195 erit,
569 1161 713 1198 magno
728 1162 816 1185 cum
832 1152 1027 1198 optaverit
1042 1155 1220 1198 emptum

150 1207 343 1241 intactum
367 1203 554 1248 Pallanta,
575 1208 617 1240 et
636 1215 724 1239 cum
745 1202 868 1251 spolia
887 1205 962 1239 ista
982 1202 1166 1253 diemque

150 1257 288 1294 oderit..
344 1262 386 1294 at
404 1259 497 1293 socii
517 1255 642 1292 multo
662 1259 813 1304 gemitu
833 1255 1080 1306 lacrimisque
1250 1260 1324 1294 505

150 1313 376 1359 impositum
396 1315 507 1346 scuto
526 1309 705 1346 referunt
726 1309 903 1346 Pallanta
922 1309 1162 1359 frequentes.

150 1377 172 1401 o
191 1364 302 1401 dolor
319 1369 439 1413 atque
459 1363 580 1400 decus
599 1376 785 1412 magnum
807 1363 981 1399 rediture
1001 1365 1154 1412 parenti
1171 1364 1180 1401 l

150 1417 247 1454 haec
266 1422 307 1454 te
327 1419 452 1466 prima
471 1416 555 1453 dies
574 1416 679 1453 bello
698 1416 822 1461 dedit,
844 1416 940 1452 haec
961 1416 1099 1452 eadem
1119 1417 1260 1462 aufert,

150 1484 238 1508 cum
258 1476 393 1507 tamen
412 1472 586 1519 ingentis
608 1469 839 1506 Rutulorum
860 1469 1005 1519 linquis
1022 1470 1201 1506 acervos!
1245 1481 1324 1506 Men

204 1524 288 1561 Nec
307 1526 384 1560 iam
404 1523 505 1559 fama
525 1522 616 1559 mali
636 1525 751 1568 tanti,
770 1522 838 1559 sed
859 1526 1002 1559 certior
1020 1528 1155 1560 auctor
1250 1527 1325 1560 510

149 1577 306 1614 advolat
326 1577 500 1622 Aeneae,
520 1578 632 1614 tenui
651 1576 875 1613 discrimine
895 1576 964 1613 leti

150 1644 233 1668 esse
254 1644 354 1676 suos,
375 1635 533 1679 tempus
551 1632 670 1666 versis
690 1642 914 1666 succurrere
934 1629 1103 1666 Teucris.

149 1687 324 1734 proxima
343 1696 522 1734 quaeque
542 1686 658 1720 metit
677 1682 808 1732 gladio
828 1683 1030 1732 latumque
1050 1695 1120 1732 per
1138 1696 1280 1732 agmen

448 1779 491 1798 4⁸⁶
513 1782 652 1820 pectore
668 1779 720 1809 R:
742 1788 882 1819 corpore
895 1778 942 1815 γι.

449 1822 492 1841 ⁴⁰⁰
515 1822 563 1852 sio
579 1832 636 1852 ore
652 1821 811 1862 profatur
826 1821 939 1852 added
956 1820 996 1860 by
1012 1821 1051 1853 R.

449 1865 493 1884 ⁶¹²
516 1865 623 1896 versis
638 1867 775 1906 tempus
790 1864 828 1896 P.

192 1966 206 1987 ¹
225 1967 279 2000 tle,
299 1966 397 1999 dead.
447 1966 607 1998 Evander
623 1965 684 1997 has
701 1964 826 1997 eat-ned
843 1975 881 1996 or
897 1963 1043 1996 merited
1060 1964 1131 1996 this
1146 1964 1322 2004 affiiction,

149 2010 193 2051 by
212 2021 329 2042 reason
345 2010 381 2042 of
397 2009 449 2041 his
466 2014 599 2040 treas-zu
622 2016 655 2040 to
674 2009 777 2051 Italy.

151 2059 225 2092 204
