1399 2271
615 69 806 106 VIRGIL

127 158 361 206 principium
381 169 550 206 pugnae,
571 161 612 193 et
631 169 769 205 campo
788 168 873 193 sese.
893 156 1035 192 arduus
1058 155 1189 192 infert.

126 211 334 247 clamorem
355 212 559 259 excipiunt
577 213 669 246 socii
689 209 928 258 fremituque
948 215 1167 258 sequuntur

127 264 349 307 horrisono;
376 263 571 300 Teucrum
591 266 783 300 mirantur
802 265 943 299 inertia
963 263 1090 308 corda,
1249 267 1295 299 55

126 331 204 354 non
222 329 348 367 aequo
366 316 461 354 dare
481 329 522 354 se
542 329 692 366 campo,
713 330 792 352 non
812 316 925 352 obvia
944 316 1046 353 ferre

125 384 230 407 arma
242 374 354 416 viros,
367 370 437 408 sed
450 375 575 407 castra
587 370 730 406 fovere.
771 369 847 406 huc
860 370 1038 406 turbidus
1052 375 1171 418 atquc
1186 369 1261 406 huc

125 424 266 461 lustrat
285 437 386 474 equo
404 437 534 461 muros
552 423 783 473 aditumque
802 436 873 473 per
891 425 976 459 avia
995 426 1148 473 quaerit

125 492 169 515 ae
188 478 311 515 veluti
330 478 449 527 pleno
468 478 583 527 lupus
602 477 808 514 insidiatus
828 476 919 512 ovili

125 545 214 568 cum
233 531 367 568 fremit
384 531 434 568 ad
455 531 596 576 caulas,
612 536 751 567 ventos
766 543 972 580 perpessus
989 535 1030 567 et
1045 531 1191 576 imbris,
1247 529 1296 566 60

125 590 241 622 nocte
260 598 378 634 super
395 585 548 629 media3
575 587 654 621 tuti
673 585 745 621 sub
764 584 953 620 matribus
972 587 1063 631 agni

125 639 298 676 balatum
319 644 529 682 exercent;
558 638 625 675 ille
644 651 758 687 asper
778 643 819 674 et
838 638 1037 686 improbus
1058 640 1111 673 ira

124 695 247 729 saevit
266 695 306 728 in
326 692 523 735 absentis3
552 691 718 728 collecta
738 691 881 739 fatigat
900 691 1045 727 edendi

124 759 171 782 ex
191 745 310 794 longo
329 746 455 782 rabies
475 750 516 782 et
535 747 660 781 siccae
680 747 872 793 sanguine
891 744 1044 781 fauces:
1082 748 1085 751 ’

123 799 228 836 haud
246 799 361 836 aliter
382 798 527 835 Rutulo
548 811 676 835 muros
697 803 738 835 et
757 803 883 835 castra
901 800 1030 835 tuenti
1247 797 1294 835 65

124 856 334 902 ignescunt
352 854 445 898 irae,
465 852 570 888 duris
590 851 701 888 dolor
720 853 869 888 ossibus
888 852 1011 888 ardet.

123 920 199 956 qua
217 911 391 954 temptet
409 908 561 942 ratione
579 905 723 951 aditus,
743 911 785 942 et
804 918 903 954 quae
922 908 982 941 via
1003 905 1151 942 clausos

123 962 298 997 excutiat
308 959 480 996 Teucros
491 959 592 995 vallo
605 964 724 1008 atque
738 959 914 996 effundat
927 961 967 994 in
980 972 1077 1008 aequ
1085 973 1148 995 uni
1163 961 1175 995 ?

123 1014 298 1059 classem,
318 1025 418 1063 quae
438 1013 553 1050 lateri
571 1018 785 1049 castrorum
808 1012 993 1049 adiuncta
1016 1012 1177 1057 latebat,
1217 1025 1241 1048 M
1250 1026 1293 1048 νη

122 1067 331 1116 aggeribus
350 1071 526 1115 saeptam
546 1068 691 1102 circum
711 1071 753 1102 et
772 1065 988 1102 fluvialibus
1010 1066 1136 1111 undis,
1247 1068 1295 1104 70

122 1120 273 1157 invadit
291 1123 492 1169 sociosque
512 1120 694 1156 incendia
712 1122 839 1168 poscit
857 1122 1008 1155 ovantis

121 1179 240 1224 atque
260 1187 418 1210 manum
437 1176 533 1222 pinu
553 1172 731 1222 flagranti
752 1172 924 1210 fervidus
944 1173 1095 1221 implet.

123 1233 206 1264 tum
227 1240 317 1264 vero
336 1227 571 1263 incumbunt
590 1226 725 1277 (urget
743 1229 964 1275 praesentia
985 1225 1123 1277 Turni)

121 1286 240 1331 atque
260 1283 385 1317 omnis
406 1280 555 1317 facibus
574 1280 699 1329 pubes
719 1283 937 1329 accingitur
957 1283 1060 1316 atris.

121 1335 319 1383 diripuere
339 1334 467 1378 focos;
497 1336 652 1383 piceum
673 1333 750 1370 fert
769 1333 918 1370 fumida
937 1333 1072 1370 lumen
1245 1336 1291 1373 75

121 1388 237 1425 taeda
257 1393 299 1424 et
317 1390 569 1423 commixtam
590 1387 784 1424 Volcanus
804 1387 853 1423 ad
872 1391 975 1423 astra
994 1387 1176 1423 favillam.

174 1441 271 1487 Quis
285 1441 396 1485 deus,
411 1454 434 1477 o
455 1441 605 1486 Musae,
621 1446 702 1477 tam
717 1453 831 1477 saeva
845 1440 1027 1477 incendia
1043 1440 1203 1477 Teucris

120 1496 289 1532 avertit?
317 1499 450 1531 tantos
468 1495 616 1531 ratibus
636 1497 721 1544 quis
741 1494 895 1543 depulit
914 1495 1042 1542 ignis?

120 1549 251 1585 dicite.
309 1550 435 1597 prisca
453 1547 549 1584 fides
568 1547 684 1593 facto,
704 1548 773 1584 sed
794 1547 896 1583 fama
916 1550 1109 1596 perennis.

120 1608 297 1651 tempore
316 1615 393 1651 quo
412 1604 581 1650 primum
607 1601 776 1650 Phrygia
796 1601 989 1637 formabat
1004 1604 1041 1636 in
1067 1601 1135 1637 Ida
1244 1606 1292 1637 80

121 1656 276 1692 Aeneas
295 1655 457 1692 classem
477 1660 519 1692 et
537 1654 667 1703 pelagi
687 1660 824 1703 petere
845 1655 923 1691 alta
943 1655 1116 1704 parabat,

120 1712 202 1758 ipsa
219 1709 339 1745 deum
358 1709 484 1746 fertur
502 1711 685 1757 genetrix
706 1709 941 1758 Berecyntia
960 1721 1146 1757 magnum

161 1769 189 1789 ⁶³
213 1769 341 1810 campis
358 1770 395 1801 R.
572 1769 602 1788 ⁵⁴
624 1769 772 1800 clamore
787 1769 895 1809 mist,
914 1769 1029 1800 known
1045 1774 1075 1800 to
1091 1768 1234 1800 Servius

160 1812 189 1831 ⁶⁸
212 1812 319 1843 durus
348 1812 423 1852 P‘y1.
472 1812 575 1844 After
604 1812 704 1844 ardet
737 1812 920 1852 Coninglton
950 1812 1021 1843 aml
1050 1817 1132 1843 most
1170 1812 1292 1843 earlier

118 1856 241 1888 editors
258 1856 355 1895 place
378 1866 400 1886 α
423 1866 559 1888 comma.

161 1899 188 1918 ⁶⁷
211 1909 278 1940 qua
294 1899 351 1929 via
366 1899 509 1939 FMP27,
525 1897 680 1930 Servius:
695 1908 782 1939 quae
794 1898 849 1929 via
866 1899 948 1937 Pllss,
965 1898 1080 1930 vasoum
1095 1902 1126 1930 ιο
1142 1897 1285 1930 Servius.

160 1941 189 1961 ⁶⁸
212 1952 338 1982 aequor
354 1941 452 1974 P¹F2.
577 1941 604 1961 ⁷⁷
628 1942 688 1982 qui
704 1941 779 1981 1³7¹.

160 1984 193 2066 Ίέ
211 1984 286 2024 sed]
301 1984 348 2017 sit
363 1985 402 2017 R.
574 1984 601 2004 ⁸2
625 1984 782 2025 genetrix
798 1984 909 2016 fertur
926 1986 965 2017 R.
