1399 2271
674 89 863 126 VIRGIL

179 174 327 223 gaudet
345 188 428 220 avo,
450 188 515 212 rex
537 177 619 224 ipse
642 175 742 212 Iovis
762 175 812 212 de
833 180 954 223 gente
974 187 1180 224 suprema2
1279 177 1355 209 220

179 238 315 275 Troius
338 239 492 275 Aeneas
512 244 580 276 tua
599 252 669 276 nos
689 238 738 275 ad
758 239 894 275 limina
913 242 1030 276 misit.

179 308 326 352 quanta
345 315 415 352 per
435 303 573 340 Idaeos
592 305 716 340 saevis
736 303 856 340 effusa
877 304 1057 353 Mycenis

180 372 394 417 tempestas
413 369 504 404 ierit
523 380 691 417 campos,
712 368 853 417 quibus
873 372 983 404 aetus
1002 372 1170 417 uterque

181 432 360 481 Europae
379 436 499 482 atque
519 432 636 468 Asiae
656 432 747 468 fatis
762 434 1004 468 concurrerit
1023 432 1140 478 orbis,

179 495 303 533 audiit
326 501 368 533 et
387 498 418 532 si
437 509 555 545 quem
574 495 693 533 tellus
713 501 890 533 extrema
909 495 1040 533 refuso
1281 499 1355 533 225

179 565 399 598 summovet
419 560 579 597 Oceano
599 565 641 597 et
660 563 691 597 si
711 573 829 610 quem
850 565 1014 597 extenta
1034 560 1239 609 plagarum

179 630 365 675 quattuor
384 627 424 661 in
444 625 575 661 medio
594 624 744 661 dirimit
764 624 880 674 plaga
899 624 999 661 Solis
1019 626 1153 674 iniqui.

179 689 326 726 diluvio
345 702 393 726 ex
414 688 480 726 illo
500 694 561 726 tot
581 694 689 726 vasta
708 701 779 738 per
798 701 968 738 aequora
988 691 1092 725 vecti

179 753 238 791 dis
258 753 394 790 sedem
414 756 597 802 exiguam
618 756 753 802 patriis
772 753 945 803 litusque
965 765 1147 803 rogamus

179 822 391 855 innocuum
412 823 453 855 et
472 820 623 854 cunctis
639 817 864 867 undamque
879 830 1092 867 auramque
1112 822 1329 866 patentem.

179 895 258 919 non
279 884 422 919 erimus
442 895 565 931 regno
585 881 803 927 indecores,
823 894 897 918 nec
917 887 1047 918 vestra
1066 882 1216 918 feretur
1281 885 1349 917 231

180 946 283 983 fama
302 946 398 984 levis
417 949 598 996 tantique
619 946 819 983 abolescet
837 949 964 996 gratia
983 946 1091 992 facti,

180 1024 253 1048 nec
273 1011 429 1047 Troiam
450 1011 644 1047 Ausonios
663 1013 814 1059 gremio
835 1013 1036 1059 excepisse
1056 1011 1220 1060 pigebit.

181 1075 261 1112 fata
282 1088 351 1124 per
371 1075 532 1112 Aeneae
553 1077 636 1111 iuro
657 1074 917 1125 dextramque
938 1080 1160 1124 potentem,

180 1143 260 1177 sive
281 1139 357 1177 fide
378 1152 446 1176 seu
468 1141 553 1189 quis
573 1138 678 1175 bello
698 1144 759 1176 est
779 1144 965 1188 expertus
986 1144 1028 1177 et
1046 1142 1186 1176 armis:
1283 1142 1358 1176 235

180 1203 296 1241 multi
315 1217 386 1241 nos
406 1203 553 1253 populi,
573 1203 722 1240 multae
743 1201 811 1254 (ne
832 1208 982 1250 temne,
1003 1204 1107 1254 quod
1128 1204 1231 1241 ultro

181 1268 438 1318 praeferimus
458 1267 637 1304 manibus
653 1270 771 1304 vittas
790 1281 835 1305 ac
854 1269 973 1305 verba
993 1268 1213 1320 precantia)

180 1338 222 1370 et
242 1335 394 1382 petiere
414 1333 486 1369 sibi
507 1338 548 1369 et
567 1332 725 1369 voluere
745 1332 962 1382 adiungere
983 1338 1148 1382 gentes;

181 1397 249 1434 sed
271 1410 341 1433 nos
360 1396 442 1433 fata
461 1396 581 1433 deum
596 1401 745 1434 vestras
765 1399 970 1446 exquirere
989 1402 1114 1434 terras

181 1464 354 1511 imperiis
375 1474 492 1510 egere
513 1463 601 1498 suis.
658 1461 752 1497 hinc
773 1461 980 1498 Dardanus
1000 1467 1121 1507 ortus,
1284 1466 1360 1498 240

182 1526 258 1562 huc
278 1528 437 1575 repetit,
458 1527 648 1575 iussisque
670 1526 899 1574 ingentibus
919 1531 1036 1575 urget
1057 1525 1201 1575 Apollo

181 1590 430 1640 Tyrrhenum
445 1590 495 1626 ad
510 1590 701 1640 Thybrim
718 1595 759 1627 et
774 1590 895 1627 fontis
910 1590 1008 1627 vada
1023 1603 1130 1628 sacra
1148 1591 1314 1628 Numici.

183 1655 252 1692 dat
270 1656 343 1692 tibi
364 1660 569 1705 praeterea
589 1654 771 1692 fortunae
792 1668 910 1704 parva
928 1658 1066 1704 prioris

182 1732 356 1765 munera,
377 1719 559 1769 reliquias
580 1719 694 1756 Troia
714 1732 762 1756 ex
782 1719 948 1756 ardente
970 1725 1159 1770 receptas.

182 1782 256 1820 hoc
276 1788 389 1832 pater
409 1783 602 1820 Anchises
622 1796 715 1820 auro
735 1783 884 1821 libabat
903 1784 954 1820 ad
973 1797 1070 1830 aras,
1285 1790 1358 1824 245

183 1847 256 1884 hoc
279 1847 419 1883 Priami
440 1853 646 1896 gestamen
666 1853 763 1893 erat,
785 1861 873 1884 cum
894 1850 976 1884 iura
995 1852 1141 1886 vocatis

227 1944 270 1965 ²²¹
294 1944 407 1976 mittit
423 1945 458 1976 F.
647 1945 691 1964 ²²⁴
715 1946 932 1977 concurritur
949 1946 1027 1986 1³71:
1049 1951 1269 1980 concurreret
1284 1949 1321 1982 R.

228 1987 271 2007 ²²⁶
294 1998 397 2029 quam
412 1989 453 2019 R.
647 1988 692 2008 ²³2
715 1988 849 2019 tantive
867 1990 904 2021 13.

188 2035 230 2068 18
