1399 2271
669 65 857 101 VIRGIL

177 151 423 199 adgnoscunt
442 150 563 199 spolia
584 152 688 187 inter
707 163 748 187 se
768 150 1000 199 galeamque
1021 154 1218 187 nitentem

180 205 347 253 Messapi
369 209 410 241 et
429 203 554 240 multo
574 204 753 252 phaleras
774 204 914 240 sudore
935 209 1122 253 receptas.

232 257 283 293 Et
303 260 377 293 iam
398 260 521 306 prima
541 270 641 293 novo
662 257 872 306 spargebat
891 257 1039 294 lumine
1060 263 1182 294 terras

176 311 336 347 Tithoni
356 323 536 347 croceum
556 310 738 360 linquens
761 311 909 346 Aurora
930 310 1081 355 cubile;
1274 310 1348 348 460

176 366 251 400 iam
272 364 353 401 sole
372 363 514 409 infuso,
534 367 610 400 iam
631 364 745 400 rebus
765 363 852 400 luce
873 366 1046 409 retectis,

175 417 330 454 Turnus
349 420 388 454 in
408 430 514 453 arma
533 420 647 463 viros,
665 420 780 454 armis
800 417 1062 453 circumdatus
1082 419 1178 466 ipse,

176 474 349 516 suscitat,
369 477 598 520 aeratasque
618 473 720 507 acies
740 473 780 506 in
801 470 948 520 proelia
970 473 1076 519 cogit

176 527 339 574 quisque
359 537 446 561 suas
466 526 658 573 variisque
677 529 824 560 acuunt
844 525 1061 560 rumoribus
1081 526 1165 561 iras.

176 581 268 627 quin
290 581 372 627 ipsa
391 581 552 615 arrectis
571 577 671 628 (visu
693 577 932 629 miserabile)
952 580 991 614 in
1012 577 1133 614 hastis
1273 576 1347 615 465

176 632 397 679 praefigunt
416 634 544 680 capita
565 636 606 668 et
625 632 750 668 multo
770 631 938 668 elamore
959 636 1178 680 sequuntur

176 684 334 734 Euryali
355 690 396 722 et
416 685 510 721 Nisi.

179 738 388 774 Aeneadae
408 738 495 774 duri
514 751 712 774 murorum
733 739 772 774 in
793 742 904 786 parte
925 740 1090 774 sinistra·

175 804 391 840 opposuere
410 793 533 828 aciem
554 790 662 842 (nam
682 791 846 827 dextera
865 793 1036 839 cingitur
1055 791 1179 842 amni)

175 847 426 894 ingentisque
446 850 589 881 tenent
609 844 729 881 fossas
748 850 790 881 et
810 845 980 880 turribus
1000 844 1088 881 altis
1272 848 1347 883 470

175 903 282 935 stant
296 900 435 934 maesti
451 910 458 942 ;
484 898 598 934 simul
614 910 679 934 ora
695 900 818 934 virum
834 898 1003 946 praefixa
1017 899 1240 943 movebant,

175 957 267 988 nota
287 954 401 987 nimis
421 953 571 988 miseris
589 956 753 1000 atroque
773 951 934 987 fluentia
953 952 1055 988 tabo.

230 1005 386 1041 Interea
406 1005 585 1054 pavidam
604 1004 771 1040 volitans
790 1007 953 1053 pinnata
972 1017 1042 1053 per
1061 1005 1198 1041 urbem

175 1061 313 1094 nuntia
335 1058 451 1094 Fama
471 1061 549 1094 ruit
568 1060 782 1106 matrisque
802 1057 999 1094 adlabitur
1017 1060 1120 1094 auris

176 1111 344 1160 Euryali.
392 1116 432 1148 at
452 1112 603 1147 subitus
623 1114 786 1147 miserae
807 1111 910 1146 calor
929 1124 1013 1147 ossa
1033 1111 1215 1161 reliquit;
1272 1114 1346 1150 475

175 1167 324 1201 excussi
345 1165 522 1200 manibus
542 1164 638 1200 radii
659 1164 912 1213 revolutaque
932 1177 1064 1213 pensa.

174 1217 304 1254 evolat
322 1217 458 1254 infelix
480 1223 522 1254 et
541 1217 713 1254 femineo
732 1217 898 1262 ululatu,

174 1274 290 1308 scissa
309 1284 473 1316 comam,
492 1284 621 1307 muros
641 1283 776 1307 amens
796 1276 914 1320 atque
934 1273 1091 1319 agmina
1111 1284 1224 1308 cursu

174 1327 298 1373 prima
319 1327 434 1373 petit,
454 1337 532 1360 non
553 1324 618 1359 illa
638 1326 775 1368 virum,
797 1337 874 1360 non
895 1323 960 1360 illa
980 1324 1115 1373 pericli

174 1377 422 1426 telorumque
434 1390 602 1421 memor3
622 1377 773 1413 caelum
786 1377 931 1413 dehinc
943 1378 1147 1426 questibus
1160 1378 1317 1428 implet:

176 1431 312 1467 “hunc
325 1444 399 1479 ego
412 1436 466 1476 te,
480 1430 662 1480 Euryale,
675 1431 840 1479 aspicio?
860 1435 956 1467 tune
970 1430 1035 1467 ille
1052 1437 1236 1469 senectae
1271 1437 1340 1468 481

175 1497 259 1520 sera
278 1497 388 1521 meae
408 1487 575 1533 requies,
597 1486 758 1532 potuisti
778 1483 956 1533 linquere
976 1483 1109 1530 solam,

175 1537 371 1574 crudelis?
401 1550 475 1574 nec
494 1543 535 1574 te
555 1537 628 1573 sub
648 1542 759 1573 tanta
779 1536 952 1586 pericula
971 1540 1132 1574 missum

173 1590 295 1626 adfari
317 1595 538 1627 extremum
558 1593 721 1627 miserae
742 1591 834 1627 data
854 1593 964 1639 copia
983 1592 1126 1627 matri?

174 1644 251 1681 heu
268 1645 273 1679 !
303 1649 408 1681 terra
427 1647 563 1694 ignota
583 1645 743 1681 canibus
763 1643 855 1681 date
875 1643 1019 1693 praeda
1040 1644 1190 1681 Latinis
1273 1650 1346 1682 485

217 1756 259 1775 ¹⁶⁴
282 1766 360 1787 suos
377 1757 472 1788 MSS.
493 1756 619 1796 (except
636 1756 686 1793 2117
704 1756 774 1787 and
789 1755 932 1787 Servius.

218 1799 260 1817 ⁴⁶⁵
284 1798 418 1830 omitted
434 1798 469 1830 in
485 1799 522 1830 P.
558 1798 713 1830 mirabile
729 1798 793 1836 Ml,
811 1798 945 1830 Servius
961 1800 1017 1838 (on
1033 1808 1070 1830 11.
1092 1801 1185 1839 558).-

217 1842 260 1860 ⁴⁶⁹
283 1841 407 1872 dextra.
422 1842 551 1882 M1R71.
674 1841 717 1860 ⁴⁷¹
740 1841 906 1873 videbant
922 1842 981 1881 Py.

218 1884 260 1903 4³¹
285 1884 344 1915 illa
360 1885 399 1915 R.
681 1884 723 1902 ’θ’
747 1884 910 1916 extremis
928 1884 1016 1916 MP1.

217 1927 260 1946 ¹⁸⁵
283 1926 366 1958 data
380 1931 462 1958 most
479 1928 593 1960 MSS.:
614 1926 696 1959 date
719 1927 784 1959 lace
807 1927 919 1967 MSS„
943 1928 1028 1960 read
1052 1928 1092 1968 by
1117 1928 1253 1970 Bentley
1276 1931 1345 1961 and

173 1980 275 2010 many
292 1969 423 2001 editors.

180 2017 250 2049 144
