1399 2271
646 106 837 143 VIRGIL

152 194 437 241 inventumque
458 191 553 228 focis
573 195 698 228 omnis
720 205 838 241 quem
858 191 1026 229 eredidit
1045 197 1164 238 aetas,
1250 189 1325 229 680

152 250 352 287 Caeculus.
410 250 514 287 hunc
534 251 638 300 legio
658 250 738 287 late
759 253 969 287 comitatur
987 254 1165 300 agrestis,

151 312 296 358 quique
317 309 440 346 altum
464 309 675 347 Praeneste
691 311 761 345 viri
778 312 923 359 quique
938 323 1028 345 arva
1045 310 1222 347 Gabinae

155 368 313 404 Iunonis
333 368 589 418 gelidumque
610 368 807 405 Anienem
829 373 871 404 et
890 368 1040 404 roscida
1060 371 1150 405 rivis

154 426 328 463 Hernica
347 440 438 463 saxa
459 426 607 473 colunt,
627 439 723 476 quos
743 426 852 463 dives
872 426 1054 476 Anagnia
1073 430 1210 476 pascit,

151 498 260 535 quos,
281 486 478 522 Amasene
499 490 623 534 pater.
681 498 761 521 non
781 485 857 522 illis
877 486 1057 522 omnibus
1077 499 1196 532 arma,
1252 485 1326 524 685

152 558 225 581 nec
245 545 360 594 clipei
381 558 565 582 currusve
585 551 750 589 sonant3
778 558 866 594 pars
885 548 1053 581 maxima
1073 545 1238 595 glandes

152 604 310 641 liventis
330 605 482 654 plumbi
501 607 663 653 spargit,
684 617 771 654 pars
791 604 938 653 spicula
957 610 1089 654 gestat

152 664 242 699 bina
261 677 392 709 manu,
413 663 619 713 fulvosque
639 663 722 713 lupi
742 663 792 700 de
814 663 918 712 pelle
938 663 1092 713 galeros

152 728 315 772 tegmen
335 723 485 759 habent
505 725 648 772 capim
678 725 843 771 vestigia
863 722 969 759 nuda
988 725 1132 770 sinistri

152 783 357 817 instituere
377 781 501 830 pedis,
521 781 663 817 crudus
683 783 786 830 tegit
805 780 928 817 altera
947 794 1052 830 pero.
1250 793 1326 818 Mr‘n

204 840 260 877 At
277 840 492 889 Messapus,
509 853 654 890 equum
670 839 851 885 domitor,
869 840 1070 889 Neptunia
1087 839 1226 889 proles,
1253 838 1321 882 691

151 912 269 949 quem
289 912 420 948 neque
440 898 498 935 fas
517 901 600 948 igni
621 901 802 948 cuiquam
823 912 896 935 nec
916 904 1094 936 sternere
1110 899 1226 946 ferro,

151 960 227 994 iam
247 957 401 1006 pridem
421 957 568 994 resides
589 957 753 1007 populos
773 957 1016 1007 desuetaque
1037 958 1142 994 bello

151 1019 307 1065 agmina
327 1019 367 1052 in
387 1030 493 1052 arma
509 1021 622 1053 vocat
637 1017 766 1053 subito
782 1016 1007 1066 ferrumque
1023 1021 1223 1054 retractat.

152 1076 190 1112 hi
212 1075 476 1113 Fescenninas
494 1078 597 1112 acies
618 1076 855 1125 Aequosque
877 1075 1058 1122 Faliscos,
1254 1073 1328 1118 695

152 1135 191 1170 hi
213 1134 383 1171 Soractis
404 1135 555 1172 habent
573 1148 682 1172 arces
703 1135 956 1184 Flaviniaque
977 1148 1066 1171 arva

151 1199 193 1230 et
213 1194 354 1230 Cimini
376 1207 464 1230 cum
485 1199 621 1230 monte
641 1193 769 1230 laeum
790 1194 976 1243 lucosque
997 1194 1185 1243 Capenos.

151 1253 261 1289 ibant
279 1255 438 1302 aequati
458 1266 623 1290 numero
643 1266 858 1302 regemque
879 1253 1099 1290 canebant:

151 1325 222 1348 ceu
243 1312 441 1361 quondam
463 1314 566 1348 nivei
587 1311 735 1361 liquida
756 1315 860 1349 inter
880 1312 1012 1348 nubila
1034 1314 1159 1362 cycni,

151 1384 238 1407 cum
259 1383 344 1407 sese
367 1384 387 1407 e
410 1376 522 1419 pastu
543 1370 722 1407 referunt
743 1376 784 1408 et
805 1370 921 1419 longa
942 1384 1101 1407 canoros
1254 1373 1328 1410 700

151 1429 247 1466 dant
266 1442 337 1478 per
357 1429 455 1466 colla
476 1429 635 1473 modos;
665 1435 777 1466 sonat
797 1432 921 1466 amnis
937 1435 979 1466 et
995 1431 1087 1466 Asia
1106 1429 1224 1479 longe

151 1487 260 1536 pulsa
280 1488 401 1537 palus.

151 1560 224 1583 nec
243 1549 447 1597 quisquam
467 1552 617 1584 aeratas
637 1550 740 1584 acies
760 1560 807 1584 ex
828 1550 986 1597 agmine
1008 1553 1120 1585 tanto

150 1608 301 1641 misceri
323 1611 453 1654 putet,
472 1609 616 1642 aeriam
638 1606 706 1643 sed
728 1609 885 1655 gurgite
906 1607 954 1642 ab
973 1607 1054 1643 alto

151 1667 279 1713 urgeri
300 1664 501 1701 volucrum
521 1678 724 1701 raucarum
745 1664 794 1701 ad
814 1665 928 1701 litora
949 1666 1106 1702 nubem.
1252 1666 1326 1704 705

203 1723 305 1760 Ecce
325 1723 557 1759 Sabinorum
579 1727 705 1773 prisco
725 1723 776 1760 de
796 1726 986 1773 sanguine
1007 1738 1194 1773 magnum

150 1795 290 1831 agmen
304 1796 426 1831 agens
443 1782 603 1819 Clausus
616 1785 828 1832 magnique
842 1786 924 1832 ipse
938 1786 1105 1832 agminis
1117 1786 1253 1829 instar,

255 1923 299 1942 ⁸⁸¹
325 1923 394 1954 late
411 1924 498 1964 legio
515 1925 560 1956 M.
884 1925 927 1944 0⁵5
952 1936 1138 1966 currusque
1156 1927 1193 1958 R.

254 1966 298 1985 ⁶⁸³
324 1967 475 2007 tegmina
492 1967 568 2005 P‘yl.
602 1968 727 2008 capitis
744 1968 807 1999 M2.
880 1967 924 1986 ⁶⁰⁰
948 1968 1051 2008 pedes
1068 1969 1130 2000 ΜΕ.

253 2009 298 2028 ‘9⁴³
321 2009 490 2041 Flaminia
506 2010 557 2042 P2.
883 2010 928 2030 ⁶⁹⁰
952 2010 1092 2043 flumina
1108 2011 1184 2053 1³7¹.

145 2057 195 2089 50
