1399 2271
663 70 852 107 VIRGIL

173 158 274 194 haud
295 157 456 193 adversa
476 156 600 193 cadat.
658 156 728 193 sed
747 161 788 193 te
809 169 926 206 super
945 159 1074 194 omnia
1094 157 1196 193 dona

173 224 293 247 unum
313 224 400 246 oro:
429 212 612 258 genetrix
634 209 774 245 Priami
796 209 845 246 de
865 215 987 259 gente
1008 215 1163 247 vetusta

171 269 232 301 est
251 264 360 309 mihi,
380 277 496 312 quam
516 265 697 299 miseram
717 265 849 300 tenuit
869 276 947 300 non
971 263 1040 299 Ilia
1060 263 1178 300 tellus
1269 268 1342 300 285

171 330 325 354 mecum
345 316 619 361 excedentem,
639 329 717 352 non
738 319 894 352 moenia
913 319 1016 365 regis
1037 318 1216 354 Acestae.

172 371 272 407 hanc
285 384 359 419 ego
371 383 476 407 nunc
488 373 663 420 ignaram
678 369 792 406 huius
804 369 1078 419 quodcumque
1091 371 1226 419 pericli
1240 375 1300 407 est

171 427 289 473 inque
308 424 517 461 salutatam
536 424 694 473 linquo;
724 436 800 459 nox
821 428 863 460 et
881 429 949 460 tua
969 426 1082 460 testis

170 478 345 523 dextera,
358 478 463 527 quod
477 490 670 527 nequeam
683 476 860 514 lacrimas
874 477 1049 526 perferre
1062 480 1246 526 parentis.

170 537 210 568 at
229 537 285 577 tu,
305 544 383 576 oro,
403 531 527 567 solare
546 534 705 579 inopem
725 536 767 567 et
785 543 966 567 succurre
986 530 1156 568 relictae.
1269 535 1342 574 290

172 585 270 620 hanc
290 588 373 621 sine
393 597 456 621 me
477 597 588 633 spem
608 583 711 620 ferre
731 586 813 621 tui:
842 584 1050 620 audentior
1070 585 1134 622 ibo

169 641 208 674 in
229 651 338 674 casus
358 637 522 674 omnis.'’
579 650 761 686 percussa
781 643 916 674 mente
936 637 1084 674 dedere

170 691 421 728 Dardanidae
440 692 630 735 lacrimas,
649 696 742 727 ante
763 693 887 727 omnis
907 690 1073 740 pulcher
1094 690 1213 738 Iulus,

168 750 286 795 atque
306 747 480 781 animum
499 747 648 794 patriae
668 746 828 781 strinxit
847 746 1006 793 pietatis
1026 747 1165 794 imago.

169 804 254 835 tum
273 801 326 835 sic
347 798 486 835 effatur
502 811 509 834 :
1268 802 1341 841 295

170 857 192 872 “
205 851 354 901 sponde
375 852 494 900 digna
514 853 591 888 tuis
611 850 841 899 ingentibus
860 852 990 887 omnia
1009 853 1170 900 coeptis.

169 918 338 955 namque
354 908 430 941 erit
445 908 519 941 ista
534 904 628 940 mihi
644 907 825 953 genetrix
842 917 1066 953 nomenque
1082 905 1250 942 Creusae

169 959 293 995 solum
313 959 499 1003 defuerit,
519 971 592 994 nec
613 963 767 1006 partum
788 960 914 1006 gratia
933 958 1054 994 talem

170 1025 286 1061 parva
298 1017 445 1049 manet.
485 1024 594 1048 casus
607 1010 755 1047 factum
768 1013 1004 1060 quicumque
1017 1016 1246 1060 sequentur,

169 1078 238 1114 per
252 1071 371 1114 caput
384 1065 458 1101 hoc
473 1067 569 1110 iuro,
584 1078 654 1113 per
669 1064 773 1114 quod
788 1070 902 1113 pater
916 1069 1008 1102 ante
1024 1064 1176 1102 solebat
1192 1078 1199 1102 ε
1266 1070 1341 1102 300

168 1132 267 1168 quae
287 1120 359 1155 tibi
379 1118 565 1167 polliceor
585 1117 718 1154 reduci
738 1118 933 1167 rebusque
953 1118 1147 1163 secundis,

168 1172 264 1209 haec
285 1172 423 1209 eadem
443 1174 638 1221 matrique
657 1177 750 1208 tuae
769 1173 985 1221 generique
1003 1172 1260 1209 manebunt.”

168 1228 222 1262 sic
243 1228 299 1262 ait
317 1225 588 1269 inlacrimans3
617 1238 751 1261 umero
771 1225 884 1261 simul
906 1227 1016 1262 exuit
1034 1238 1169 1262 ensem

167 1284 357 1324 auratum,
378 1281 474 1314 mira
494 1291 612 1328 quem
632 1278 782 1315 fecerat
800 1283 884 1315 arte
906 1277 1064 1327 Lycaon

168 1332 337 1369 Gnosius
357 1337 476 1381 atque
496 1331 667 1368 habilem
688 1334 827 1380 vagina
846 1336 1000 1380 aptarat
1020 1332 1178 1368 eburna.
1264 1337 1338 1370 305

167 1386 235 1422 dat
255 1386 350 1422 Niso
371 1385 606 1422 Mnestheus
625 1385 770 1434 pellem
790 1384 1064 1434 horrentisque
1083 1384 1208 1423 leonis

167 1442 337 1483 exuvias,
357 1439 511 1487 galeam
531 1438 629 1474 fidus
649 1443 849 1487 permutat
868 1438 1017 1475 Aletes.

166 1495 344 1540 protinus
363 1495 500 1528 armati
520 1491 734 1535 incedunt;
764 1504 860 1541 quos
878 1494 1004 1528 omnis
1024 1494 1155 1529 euntis

166 1548 378 1594 primorum
391 1558 529 1581 manus
542 1545 590 1581 ad
605 1551 748 1594 portas,
761 1548 1026 1595 iuvenumque
1038 1558 1268 1596 senumque,

165 1602 414 1648 prosequitur
433 1601 542 1635 votis.
600 1611 673 1634 nec
693 1611 772 1634 non
793 1604 833 1635 et
853 1598 1017 1647 pulcher
1038 1599 1159 1643 Iulus,
1262 1604 1337 1637 310

164 1657 257 1688 ante
277 1665 400 1689 annos
419 1654 672 1701 animumque
692 1665 833 1700 gerens
854 1665 1064 1701 curamque
1083 1652 1248 1698 virilem,

164 1705 289 1742 multa
308 1708 409 1754 patri
428 1705 614 1741 mandata
632 1705 752 1741 dabat
771 1705 984 1754 portanda:
1014 1705 1084 1742 sed
1103 1719 1218 1743 aurae

164 1761 294 1795 omnia
313 1759 543 1807 discerpunt
562 1764 603 1795 et
623 1759 792 1795 nubibus
811 1761 928 1795 inrita
946 1758 1107 1795 donant.

217 1811 374 1861 Egressi
393 1817 581 1860 superant
600 1811 720 1848 fossas
739 1814 944 1861 noctisque
964 1824 1035 1861 per
1053 1812 1231 1848 umbram

164 1870 290 1902 castra
308 1867 464 1901 inimica
484 1870 641 1914 petunt,
660 1864 795 1902 multis
814 1870 950 1902 tamen
968 1870 1061 1902 ante
1082 1865 1204 1902 futuri
1262 1870 1335 1904 315

207 1934 250 1953 ²³³
274 1933 379 1974 haud]
395 1937 457 1965 aut
472 1934 557 1972 7²bc,
576 1933 721 1973 Servius.
832 1934 875 1953 ²⁸⁷
899 1936 953 1966 est
968 1934 1104 1967 omitted
1120 1934 1160 1975 by
1176 1934 1298 1968 ΜῙΡΒ.

207 1977 251 1997 ²³²
273 1976 444 2010 dederunt
458 1977 549 2017 PR7.
642 1977 685 1997 ¹⁰⁵
708 1976 858 2019 spondeo
873 1977 938 2010 a²c.
1030 1976 1073 1997 ²⁶⁹
1098 1981 1260 2020 sequetur
1274 1979 1311 2012 P.

170 2024 240 2058 132
