1399 2271
548 418 776 465 LIBER
824 417 906 463 IX

140 561 276 601 Amos
296 572 341 596 ea
360 559 512 596 diversa
532 561 690 608 penitus
710 558 805 594 dum
825 562 936 607 parte
958 561 1164 605 geruntur,
1238 566 1314 590 MPR

144 619 234 655 Irim
253 619 304 655 de
324 619 432 656 caelo
452 621 559 655 misit
579 618 760 655 Saturnia
783 617 881 653 Iuno

139 678 327 715 audacem
346 678 395 714 ad
414 677 602 714 Turnum.
658 677 747 713 luco
767 682 853 713 tum
873 675 976 712 forte
996 676 1171 724 parentis

141 738 309 774 Pilumni
328 737 483 774 Turnus
502 741 651 774 sacrata
671 736 771 772 valle
792 735 967 772 sedebat.
1079 741 1081 744 ’

138 797 187 834 ad
206 810 323 847 quem
343 799 397 833 sic
417 809 528 833 roseo
547 795 829 832 Thaumantias
849 807 915 831 ore
935 794 1066 830 locuta
1087 797 1172 830 est:
1295 797 1315 829 5

139 855 320 901 “Turne,
339 855 445 905 quod
465 857 620 904 optanti
640 854 773 891 divum
794 855 1028 903 promittere
1049 864 1167 889 nemo

139 915 317 960 auderet,
337 914 529 951 volvenda
549 913 633 950 dies
654 926 705 950 en
724 912 861 949 attulit
880 912 995 948 ultro.

140 974 296 1011 Aeneas
315 974 412 1010 urbe
433 978 474 1010 et
492 975 605 1010 sociis
625 977 667 1009 et
688 971 809 1009 classe
829 971 967 1008 relicta

139 1038 294 1083 sceptra
316 1032 482 1069 Palatini
503 1032 718 1081 sedemque
738 1033 842 1081 petit
861 1029 1048 1067 Euandri.

140 1105 212 1129 nec
232 1094 347 1129 satis:
377 1096 572 1128 extremas
594 1089 756 1140 Corythi
776 1092 1002 1140 penetravit
1020 1088 1068 1125 ad
1090 1089 1205 1125 urbes
1272 1093 1316 1124 10

140 1151 417 1201 Lydorumque
437 1163 597 1186 manum
618 1149 804 1186 collectos
824 1153 950 1185 armat
969 1150 1143 1197 agrestis.

127 1210 233 1259 ¹quid
245 1209 423 1246 dubitas?
440 1222 544 1245 nunc
558 1213 716 1257 tempus
729 1220 863 1257 equos,
876 1219 981 1244 nunc
994 1219 1155 1256 poscere
1169 1219 1312 1242 currus-

139 1281 276 1318 rumpe
295 1281 421 1304 moras
441 1270 566 1304 omnis
587 1272 628 1304 et
647 1267 805 1303 turbata
824 1268 952 1315 arripe
972 1265 1136 1302 castra.”

139 1328 240 1365 dixit
258 1333 300 1364 et
318 1330 358 1363 in
380 1327 531 1364 caelum
552 1327 710 1376 paribus
730 1338 772 1363 se
791 1325 952 1362 sustulit
971 1325 1041 1362 alis

139 1390 423 1436 ingentemque
443 1385 536 1434 fuga
556 1387 682 1422 secuit
701 1385 773 1421 sub
793 1385 963 1421 nubibus
982 1396 1126 1420 arcum.
1272 1388 1316 1420 15

138 1446 327 1495 adgnovit
346 1447 497 1481 iuvenis
517 1444 763 1493 duplicisque
783 1443 833 1480 ad
854 1443 980 1480 sidera
1001 1442 1149 1492 palmas

138 1504 297 1541 sustulit
316 1516 360 1540 ac
378 1503 449 1540 tali
469 1502 692 1551 fugientem
713 1507 774 1538 est
794 1514 887 1538 voce
908 1507 1091 1538 secutus:

139 1567 162 1584 “
176 1563 240 1608 Iri,
261 1563 380 1600 decus
400 1561 511 1607 caeli,
530 1564 617 1611 quis
636 1566 677 1598 te
698 1560 795 1597 mihi
814 1561 984 1597 nubibus
1004 1565 1130 1596 actam

138 1621 284 1658 detulit
302 1623 342 1657 in
362 1621 513 1658 terras?
542 1620 649 1656 unde
669 1619 766 1656 haec
786 1624 867 1656 tam
889 1619 990 1655 clara
1009 1623 1175 1667 repente

138 1680 380 1728 tempestas?
410 1679 585 1715 medium
605 1678 720 1715 video
739 1677 944 1714 discedere
965 1677 1115 1714 caelum
1267 1680 1316 1712 20

139 1738 385 1788 palantisque
405 1737 494 1787 polo
514 1737 658 1775 stellas.
716 1749 858 1786 sequor
876 1739 1007 1773 omina
1025 1741 1148 1781 tanta,

167 1824 196 1845 ¹¹
218 1834 338 1855 manus
354 1823 433 1863 P-rl.
465 1827 501 1855 et
516 1823 677 1855 collectos
693 1823 740 1863 7¹.
812 1822 840 1843 ¹⁷
863 1826 899 1855 et
914 1823 993 1854 MR.
1057 1821 1084 1841 ²¹
1108 1832 1230 1862 sequar
1246 1822 1292 1852 M.

162 1920 190 1971 *¹
214 1919 388 1961 Corythus
412 1918 480 1951 had
505 1918 657 1951 founded
680 1918 842 1957 Cortona,
869 1919 929 1951 the
952 1918 1122 1960 principal
1147 1918 1316 1949 Etruscan

139 1971 222 2004 city.

143 2010 216 2043 112
