1399 2271
632 39 822 78 VIRGH,

137 130 370 179 disiectique
390 129 510 166 duces
529 127 776 177 desolatique
794 126 957 176 manipli
1237 128 1312 164 870

140 189 224 221 tuta
242 189 388 233 petunt
407 188 449 220 et
468 184 578 232 equis
599 184 722 218 aversi
742 181 792 217 ad
810 182 966 218 moenia
986 179 1169 217 tendunt.

137 251 211 275 nec
224 240 428 288 quisquam
440 238 624 273 instantis
636 235 807 272 Teucros
822 234 1026 284 letumque
1042 232 1207 270 ferentis

138 296 361 328 sustentare
380 290 487 326 valet
506 289 596 326 telis
616 293 684 325 aut
703 291 842 325 sistere
862 292 1009 333 contra,

137 345 207 382 sed
226 345 333 381 laxos
352 343 532 380 referunt
551 345 695 379 umeris
714 341 994 391 languentibus
1013 353 1124 377 arcus

137 397 518 448 quadrupedumque
555 401 714 445 putrem
752 408 866 432 cursu
899 396 1027 444 quatit
1059 393 1206 443 ungula

242 464 434 500 campum.
1236 449 1310 485 875

136 505 305 542 volvitur
324 505 374 541 ad
393 516 523 540 muros
542 503 711 552 caligine
730 502 910 539 turbidus
930 506 1014 538 atra

137 559 263 608 pulvis
284 563 325 595 et
345 571 366 595 e
387 556 555 607 speculis
574 569 780 606 percussae
799 560 959 604 pectora
978 559 1124 591 matres

137 612 353 650 femineum
373 611 583 647 clamorem
602 610 652 646 ad
673 609 770 646 caeli
789 609 916 646 sidera
936 608 1092 645 tollunt.

137 668 204 716 qui
222 679 336 702 cursu
357 670 488 714 portas
508 666 623 713 primi
644 666 827 712 inrupere
848 665 1034 712 patentis,

136 719 207 756 hos
225 721 383 755 inimica
402 731 520 767 super
538 719 661 753 mixto
680 719 825 765 premit
844 718 1001 764 agmine
1020 715 1148 759 turba,
1232 719 1306 751 880

136 786 210 809 nec
225 775 407 809 miseram
424 771 616 820 effugiunt
628 775 809 814 mortem,
822 769 891 806 sed
906 769 1041 805 limine
1054 771 1095 804 in
1107 770 1204 817 ipso,

136 827 341 863 moenibus
360 828 400 861 in
421 827 555 874 patriis
576 829 695 873 atque
715 826 818 860 intra
836 827 924 859 tuta
943 822 1147 858 domorum

137 880 276 916 confixi
297 881 497 928 exspirant
515 880 674 914 animas.
731 890 819 926 pars
839 876 1020 912 claudere
1040 880 1184 924 portas,

136 947 209 970 nec
230 935 342 970 sociis
361 934 512 981 aperire
533 934 633 967 viam
652 943 726 967 nec
746 930 951 966 moenibus
969 929 1120 965 audent

135 989 314 1036 accipere
335 987 494 1031 orantis,
514 987 716 1033 oriturque
735 986 949 1020 miserrima
969 982 1109 1019 caedes
1235 986 1308 1019 885

136 1040 425 1077 defendentum
445 1041 560 1074 armis
580 1037 709 1074 aditus
728 1039 848 1086 inque
869 1049 973 1072 arma
993 1040 1189 1072 ruentum.

136 1093 282 1130 exclusi
297 1098 390 1129 ante
406 1091 537 1128 oculos
551 1091 903 1140 lacrimantumque
917 1103 982 1125 ora
994 1094 1204 1138 parentum

135 1160 222 1196 pars
242 1149 282 1183 in
302 1147 526 1195 praecipitis
546 1144 665 1181 fossas
685 1148 854 1193 urgente
873 1145 985 1179 ruina

135 1200 315 1245 volvitur,
335 1202 516 1235 immissis
535 1211 623 1247 pars
643 1210 758 1234 caeca
778 1202 819 1234 et
838 1199 991 1233 concita
1012 1195 1133 1232 frenis

134 1257 277 1291 arietat
295 1256 335 1289 in
356 1258 488 1301 portas
507 1257 549 1288 et
568 1251 685 1288 duros
705 1251 816 1287 obice
836 1252 968 1300 postis.
1235 1253 1308 1291 890

134 1310 241 1356 ipsae
260 1307 310 1343 de
331 1308 450 1342 muris
469 1317 621 1342 summo
641 1307 855 1341 certamine
874 1308 1020 1340 matres

135 1360 344 1411 (monstrat
356 1372 465 1395 amor
476 1371 589 1395 verus
600 1357 780 1408 patriae),
795 1362 838 1393 ut
851 1356 984 1394 videre
998 1356 1213 1402 Camillam,

134 1414 214 1450 tela
231 1426 350 1450 manu
370 1412 549 1462 trepidae
568 1414 717 1448 iaciunt
735 1424 780 1447 ac
799 1411 937 1447 robore
957 1409 1054 1446 duro

133 1467 333 1516 stipitibus
353 1465 500 1503 ferrum
520 1465 760 1514 sudibusque
778 1466 985 1500 imitantur
1003 1464 1152 1500 obustis

134 1522 382 1570 praecipites,
393 1521 622 1568 primaeque
635 1520 732 1554 mori
745 1530 815 1567 pro
830 1517 1035 1553 moenibus
1048 1516 1200 1554 ardent.
1234 1520 1306 1558 895

186 1574 346 1610 Interea
364 1573 541 1609 Turnum
560 1575 602 1608 in
621 1571 726 1608 silvis
746 1573 991 1608 saevissimus
1010 1570 1150 1620 implet
1228 1582 1306 1606 MPR

133 1630 297 1664 nuntius
316 1632 358 1663 et
376 1628 510 1663 iuveni
531 1628 736 1674 ingentem
752 1624 830 1661 fert
844 1624 951 1661 Acca
964 1623 1179 1660 tumultum
1194 1636 1203 1660 ε

132 1680 284 1717 deletas
305 1679 533 1716 Volscorum
553 1681 669 1724 acies,
689 1678 876 1715 cecidisse
896 1677 1112 1723 Camillam,

132 1736 317 1783 ingruere
336 1732 510 1769 infensos
530 1731 653 1769 hostis
673 1736 714 1768 et
735 1732 864 1768 Marte
885 1730 1059 1767 secundo

217 1825 261 1843 ⁸⁷⁰
284 1824 410 1856 defecti
426 1824 487 1855 ΜἹ.
761 1822 804 1841 ⁸⁷¹
828 1833 932 1861 equos
948 1823 1006 1861 1³7>

217 1868 261 1887 ⁸⁷⁵
284 1866 496 1908 quadripedo
517 1866 610 1897 F1R:
632 1865 879 1907 quadripedem
896 1865 948 1895 1³².

220 1910 263 1928 ⁸⁷⁷
287 1920 305 1941 e
319 1910 454 1941 omitted
474 1910 594 1941 lssilfflb.
761 1908 806 1927 ⁸⁸²
828 1908 919 1939 inter
934 1909 995 1947 1⁷¹7,
1017 1908 1218 1940 Macrobius.

133 2000 208 2039 294
218 1953 261 1972 ⁸³⁸⁵
286 1952 416 1984 audent
432 1952 572 1992 M²7¹bc,
590 1951 736 1984 Seri-itu.
