1399 2271
655 75 846 113 VIRGIL

167 166 322 211 iamque
342 164 445 198 intra
464 163 610 198 iactum
631 161 701 199 teli
721 175 948 211 progressus
970 167 1136 212 uterque

166 217 397 252 substiterat
411 228 420 252 :
438 215 568 252 subito
582 221 796 264 erumpunt
807 215 975 252 clamore
987 215 1234 265 furentisque

166 268 424 305 exhortantur
447 281 579 318 equos,
600 268 774 305 fundunt
793 268 907 305 simul
929 269 1103 318 undique
1123 269 1203 306 tela
1262 268 1337 306 610

166 323 302 358 crebra
321 324 420 358 nivis
439 324 530 367 ritu,
550 321 781 371 caelumque
801 322 1003 358 obtexitur
1022 322 1170 359 umbra.

166 378 354 412 continuo
373 375 544 412 adversis
564 375 790 424 Tyrrhenus
810 380 851 412 et
870 388 959 412 acer
980 376 1181 413 Aconteus

166 431 293 465 conixi
313 431 519 465 incurrunt
538 428 660 465 hastis
680 431 873 478 primique
893 432 1044 465 ruinam

165 482 263 519 dant
279 485 408 518 sonitu
426 484 580 531 ingenti
596 481 870 532 perfractaque
885 482 1255 531 quadrupedantum

165 541 325 585 pectora
343 536 567 585 pectoribus
587 541 800 584 rumpunt:
828 548 1012 572 excussus
1031 538 1234 572 Aconteus
1262 534 1336 572 615

165 590 340 626 fulminis
358 591 399 625 in
418 602 567 625 morem
586 594 655 625 aut
674 594 873 625 tormento
893 588 1078 638 ponderis
1098 592 1176 625 acti

165 645 400 692 praecipitat
417 642 536 691 longe
556 647 598 679 et
617 644 738 679 vitam
757 642 951 691 dispergit
969 645 1011 678 in
1029 655 1150 679 auras.

218 695 430 745 Extemplo
449 696 630 732 turbatae
649 698 765 740 acies,
785 698 964 744 versique
985 695 1116 732 Latini

165 752 334 786 reiciunt
352 761 504 798 parmas
525 754 566 785 et
586 761 705 798 equos
724 748 775 785 ad
793 751 948 785 moenia
969 745 1153 786 vertunt:

166 803 284 840 Troes
305 807 442 851 agunt,
460 805 643 851 princeps
662 807 810 839 turmas
828 802 982 838 inducit
1002 802 1139 839 Asilas.
1260 801 1336 840 620

165 859 320 906 iamque
339 856 657 905 propinquabant
676 858 812 904 portis,
830 868 1040 905 rursusque
1062 855 1193 893 Latini

165 910 374 946 clamorem
393 908 541 945 tollunt
561 914 602 945 et
621 908 752 945 mollia
771 908 870 945 colla
890 909 1122 952 reflectunt;

165 963 204 998 hi
225 963 384 1012 fugiunt
403 965 641 1011 penitusque
661 962 763 998 datis
783 961 1010 998 referuntur
1028 962 1214 999 habenis:

164 1016 288 1065 qualis
308 1017 374 1052 ubi
392 1015 545 1052 alterno
564 1028 795 1064 procurrens
814 1018 971 1064 gurgite
991 1021 1135 1064 pontus

164 1083 269 1105 nunc
288 1072 366 1106 ruit
384 1068 433 1104 ad
453 1073 598 1105 terram
617 1069 874 1118 scopulosque
893 1071 1103 1117 superiacit
1123 1069 1228 1105 unda
1261 1067 1335 1106 625

164 1136 349 1171 spumeus
368 1128 665 1171 extremamque
685 1125 771 1158 sinu
791 1121 996 1171 perfundit
1014 1122 1213 1168 harenam,

165 1190 269 1212 nunc
283 1176 440 1225 rapidus
455 1180 560 1211 retro
575 1180 694 1224 atque
709 1180 820 1212 aestu
837 1175 1012 1212 revoluta
1027 1177 1232 1213 resorbens

164 1242 254 1265 saxa
274 1229 378 1278 sugit
396 1229 569 1278 litusque
590 1228 688 1265 vado
708 1228 868 1265 labente
887 1228 1099 1278 relinquit:

164 1284 222 1319 bis
241 1282 358 1319 Tusci
380 1281 544 1319 Rutulos
563 1294 681 1331 egere
700 1282 749 1318 ad
770 1284 925 1318 moenia
944 1295 1087 1328 versos,

164 1337 222 1372 bis
242 1338 378 1372 reiecti
398 1338 513 1372 armis
533 1340 760 1384 respectant
780 1341 892 1384 terga
911 1340 1108 1384 tegentes.
1259 1335 1336 1374 630

163 1392 281 1425 tertia
300 1389 369 1425 sed
389 1394 597 1438 postquam
617 1391 816 1437 congressi
835 1391 874 1424 in
894 1388 1042 1438 proelia
1061 1394 1164 1426 totas

163 1443 392 1491 implicuere
412 1445 516 1478 inter
535 1454 576 1478 se
595 1444 698 1478 acies
718 1441 896 1491 legitque
916 1444 1040 1478 virum
1061 1444 1131 1487 vir,

163 1501 247 1532 tum
261 1509 352 1532 vero
367 1501 407 1532 et
420 1498 591 1544 gemitus
602 1498 840 1531 morientum
855 1500 896 1532 et
907 1498 1151 1544 sanguinein
1163 1496 1243 1533 alto

162 1562 345 1598 armaque
366 1561 604 1598 corporaque
624 1554 666 1585 et
686 1551 870 1597 permixti
889 1548 1011 1585 caede
1031 1551 1199 1585 virorum

162 1605 411 1639 semianimes
424 1602 634 1638 volvuntur
649 1604 740 1651 equi
754 1615 763 1646 3
791 1615 925 1651 pugna
940 1614 1076 1651 aspera
1091 1606 1227 1651 surgit.
1259 1602 1332 1639 635

162 1655 389 1692 Orsilochus
412 1655 577 1700 Remuli,
598 1655 756 1704 quando
774 1657 901 1704 ipsum
921 1654 1108 1692 horrebat
1126 1656 1247 1701 adire,

139 1718 142 1719 ’
161 1708 313 1745 hastam
333 1711 490 1745 intorsit
505 1721 606 1758 equo
622 1708 848 1759 ferrumque
863 1709 934 1745 sub
949 1721 1043 1746 aure
1057 1709 1226 1759 reliquit.

201 1821 245 1839 ⁶⁰⁹
268 1820 499 1852 constiterant
514 1820 574 1851 M1.
710 1819 754 1839 ⁶¹²
776 1819 912 1851 adversi
927 1820 1071 1860 MP'R—y.

201 1864 245 1882 ⁶¹³
269 1864 368 1894 ruina
383 1863 426 1894 P²
441 1863 512 1895 and
527 1867 587 1894 two
603 1862 736 1894 codices
753 1862 926 1894 Moretani
942 1862 1028 1894 cited
1043 1863 1085 1903 by
1101 1862 1250 1895 Ribbeck.

201 1906 246 1925 ⁶¹⁴
267 1906 419 1938 sonitum
450 1906 563 1946 MP71.
611 1905 786 1947 ingentem
815 1905 882 1945 127¹
909 1905 964 1945 (Μ
990 1905 1052 1937 hae
1081 1906 1215 1938 ruinam
1246 1906 1332 1937 dant

157 1950 309 1981 sonitum
331 1949 486 1991 ingenti).
701 1949 744 1968 ‘²⁴
768 1947 993 1989 procumbens
1011 1949 1046 1980 R.

200 1992 244 2011 ⁸¹⁸
267 1995 378 2024 term
392 1992 441 2024 M.
485 1992 654 2033 suberigit
669 1993 709 2025 R.
758 1991 884 2023 undam
899 2004 922 2033 γ
936 1991 1080 2024 Ser-vitu¹

158 2034 235 2076 276
