1399 2271
613 53 804 90 VIRGIL

121 138 262 175 talibus
282 138 415 175 adfata
435 144 496 176 est
516 139 630 176 dictis
652 152 772 190 seque
792 140 937 178 obtulit
957 141 1084 179 ultro:

120 195 143 213 “
156 204 206 228 en
227 191 404 240 perfecta
424 195 500 229 mei
521 196 709 242 promissa
728 196 904 243 coniugis
923 200 1008 232 arte

118 258 295 291 munera,
315 258 365 282 ne
384 259 475 282 mox
495 252 564 283 aut
585 246 805 292 Laurentis,
826 253 933 294 nate,
953 249 1152 297 superbos,

117 304 186 335 aut
204 312 334 335 acrem
354 299 514 336 dubites
534 302 573 335 in
595 300 742 349 proelia
762 313 922 350 poscere
942 302 1158 339 Turnum.''

118 352 219 388 dixit
238 357 280 389 et
300 353 503 401 amplexus
523 357 605 390 nati
627 353 822 403 Cytherea
842 358 996 403 petivit,
1219 354 1294 394 615

117 419 223 441 arma
243 406 315 442 sub
334 406 496 443 adversa
517 410 647 455 posuit
667 407 859 444 radiantia
879 421 1036 458 quercu.

118 459 198 504 ille,
217 459 315 496 deae
335 459 448 496 donis
468 466 510 496 et
530 466 642 497 tanto
662 460 789 498 laetus
809 461 969 507 honore,

118 512 267 561 expleri
289 516 429 562 nequit
447 519 567 563 atque
588 513 720 551 oculos
739 527 810 564 per
829 516 983 564 singula
1003 515 1136 561 volvit,

117 569 358 616 miraturque
379 569 561 617 interque
581 581 719 604 manus
740 573 782 605 et
802 569 982 605 bracchia
1003 575 1132 605 versat

120 620 333 656 terribilem
354 623 480 657 cristis
500 621 653 668 galeam
673 621 925 670 flammasque
946 628 1185 667 vomentem,
1218 622 1294 660 6⁶20

118 672 396 723 fatiferumque
417 687 565 718 ensem,
585 674 743 710 loricam
765 688 811 711 ex
832 688 922 712 aere
943 679 1153 724 rigentem,

117 729 386 775 sanguineam,
406 730 626 776 ingentem,
646 728 771 777 qualis
793 742 881 764 cum
902 730 1056 766 caerula
1076 731 1201 767 'nubes

117 779 206 816 solis
226 780 438 817 inardescit
458 781 574 817 radiis
594 781 792 831 longeque
813 782 1010 831 refulget3

118 839 201 870 tum
221 833 317 870 levis
337 847 469 871 ocreas
490 835 638 871 electro
657 848 828 885 auroque
848 841 1017 882 recocto,

118 887 348 937 hastamque
369 893 411 925 et
430 888 546 937 clipei
568 901 646 924 non
668 889 886 925 enarrabile
907 895 1075 927 textum.
1216 889 1291 927 625

172 941 257 976 Illic
276 954 338 977 res
359 941 477 978 Italas
502 942 841 992 Romanorumque
861 943 1081 992 triumphos

117 994 220 1030 haud
241 999 373 1030 vatum
393 997 550 1043 ignarus
571 998 806 1045 venturique
828 999 970 1033 inscius
990 1000 1074 1033 aevi

117 1047 264 1084 fecerat
286 1048 531 1097 Ignipotens,
551 1049 631 1085 illie
651 1062 776 1098 genus
796 1062 912 1086 omne
934 1049 1088 1086 futurae

115 1103 246 1150 stirpis
266 1102 314 1137 ab
336 1102 504 1138 Ascanio
525 1108 778 1152 pugnataque
799 1105 839 1139 in
859 1103 994 1139 ordine
1018 1104 1129 1141 bella.

116 1154 264 1191 fecerat
285 1160 326 1191 et
348 1155 458 1191 viridi
480 1155 601 1192 setam
625 1156 812 1193 Mavortis
832 1159 871 1192 iu
892 1162 1005 1193 antro
1215 1156 1291 1194 630

115 1208 366 1257 procubuisse
387 1209 533 1258 lupam,
553 1212 731 1258 geminos
751 1210 842 1246 huic
864 1211 983 1246 ubera
1004 1213 1147 1247 circum

114 1261 250 1298 ludere
271 1262 483 1310 pendentis
504 1276 644 1311 pueros
665 1268 706 1299 et
725 1263 900 1300 lambere
919 1269 1087 1301 matrem

113 1315 341 1364 impavidos,
362 1315 469 1352 illam
489 1319 608 1352 tereti
630 1319 780 1353 cervice
802 1317 945 1354 reflexa

113 1368 285 1405 mulcere
304 1369 477 1405 alternos
498 1374 540 1406 et
559 1382 719 1418 corpora
739 1370 887 1418 fingere
907 1371 1051 1419 lingua.

113 1435 186 1458 nec
198 1422 332 1471 procul
348 1422 438 1458 hinc
454 1422 615 1458 Romam
629 1428 671 1460 et
683 1428 813 1472 raptas
821 1426 1020 1461 sinemore
1035 1425 1197 1461 Sabinas
1213 1423 1287 1461 6:35

114 1488 296 1512 consessu
319 1489 473 1521 caveae,
493 1479 645 1525 magnis
667 1477 913 1514 Circensibus
932 1481 1042 1522 actis,

110 1529 330 1574 addiderat,
350 1530 558 1579 subitoque
579 1543 722 1566 novum
743 1543 978 1580 consurgere
1000 1531 1147 1568 bellum

115 1582 329 1619 Romulidis
348 1583 540 1632 Tatioque
561 1586 644 1620 seni
666 1584 909 1634 Curibusque
929 1588 1083 1622 severis.

110 1641 199 1684 post
218 1636 323 1672 idem
344 1639 448 1673 inter
467 1649 508 1674 se
529 1640 655 1685 posito
675 1640 890 1674 certamine
910 1651 1024 1687 reges

109 1692 248 1726 armati
270 1690 370 1726 Iovis
390 1695 483 1727 ante
503 1704 609 1726 aram
630 1696 864 1740 paterasque
885 1696 1071 1729 tenentes
1211 1691 1287 1729 6-10

109 1743 268 1779 stabant
288 1748 329 1779 et
349 1756 460 1779 caesa
480 1745 699 1792 iungebant
719 1744 878 1781 foedera
899 1758 1025 1794 porca.

111 1795 212 1832 haud
228 1796 360 1845 procul
376 1796 467 1833 iude
482 1800 581 1833 citae
599 1798 771 1834 Mettum
785 1801 825 1834 iu
838 1798 990 1835 diversa
1004 1799 1216 1849 quadrigae

237 1922 281 1941 ⁸2⁰
305 1922 490 1953 minantem
511 1923 584 1963 [²7¹.
690 1923 733 1942 ⁸²³
757 1924 973 1964 omnipotens
989 1925 1035 1954 M.

236 1965 280 1984 ⁶³³
302 1966 461 1996 reflexam
480 1967 542 1997 Ml.
688 1966 732 1985 ⁵⁴⁰
755 1976 831 1997 aras
850 1968 886 1998 R.
936 1970 1089 2007 pateram
1108 1967 1154 1998 M.

113 2013 183 2046 1⁰2
