1399 2271
632 89 822 126 VIRGIL

145 176 310 212 volvitur
328 180 414 212 ater
432 175 528 212 odor
546 178 677 220 tectis,
696 180 783 212 tum
800 187 1000 212 murmure
1020 188 1136 212 caeco

141 232 247 266 intus
267 242 358 266 saxa
377 234 531 275 sonant,
550 242 690 265 vacuas
709 232 741 265 it
760 228 890 266 fumus
910 228 959 265 ad
978 242 1100 266 auras.

193 283 351 319 Accidit
371 282 468 319 haec
487 282 599 320 fessis
619 285 739 319 etiam
758 282 917 318 fortuna
938 281 1102 328 Latinis,

140 350 239 386 quae
259 341 385 374 totam
404 336 514 373 luctu
534 339 730 372 concussit
749 335 927 373 funditus
947 337 1096 373 urbem.

142 393 277 439 regina
295 395 340 427 ut
359 393 477 427 tectis
496 392 724 426 venientem
744 392 932 439 prospicit
950 389 1120 435 hostem,
1238 393 1312 432 595

140 447 282 481 incessi
298 456 442 489 muros,
461 446 564 493 ignis
582 443 632 480 ad
651 448 760 480 tecta
778 443 920 489 volare,

141 511 332 547 nusquam
343 500 446 534 acies
458 502 594 534 contra
609 496 785 542 Rutulas,
798 497 906 533 nulla
916 499 1074 546 agmina
1087 496 1222 542 Turni,

139 551 277 588 infelix
296 564 454 601 pugnae
473 554 657 588 iuvenem
675 553 716 587 in
735 553 951 588 certamine
970 550 1096 587 credit

140 608 379 642 exstinctum
400 610 454 651 et,
474 605 603 642 subito
622 609 800 641 mentem
819 605 978 641 turbata
996 604 1144 650 dolore,

139 672 181 696 se
201 672 356 696 causam
376 658 518 695 elamat
538 661 765 707 crimenque
785 663 982 707 caputque
1000 657 1203 704 malorum,
1237 656 1313 694 600

138 712 342 762 multaque
362 725 433 761 per
450 717 646 749 maestum
665 712 829 748 demens
850 711 965 748 effata
983 710 1169 758 furorem,

139 779 355 816 purpureos
374 768 561 802 moritura
580 779 699 801 manu
719 765 906 802 discindit
925 767 1090 802 amictus

140 825 180 856 et
200 820 348 856 nodum
366 819 544 856 informis
562 818 635 856 leti
653 820 765 855 trabe
784 821 912 856 nectit
930 819 980 855 ab
999 818 1087 855 alta.

138 887 255 922 quam
269 873 421 910 cladem
434 876 600 910 miserae
613 878 821 922 postquam
833 885 1020 922 accepere
1035 872 1214 919 Latinae,

139 927 215 963 filia
235 930 358 975 prima
380 940 496 963 manu
516 926 628 963 floros
650 926 809 962 Lavinia
828 929 946 963 crinis
1237 924 1312 962 605

139 986 180 1017 et
199 993 329 1017 roseas
348 980 494 1016 laniata
513 993 647 1029 genas,
667 985 752 1016 tum
773 984 906 1017 cetera
926 982 1070 1016 circum

138 1035 253 1070 turba
273 1033 392 1077 furit;
420 1039 606 1070 resonant
625 1033 728 1070 latae
748 1033 999 1082 plangoribus
1020 1033 1149 1070 aedes.

138 1087 230 1124 hinc
249 1092 374 1124 totam
395 1086 533 1124 infelix
553 1087 734 1136 volgatur
752 1087 855 1122 fama
874 1100 946 1136 per
964 1088 1114 1124 urbem.

138 1141 358 1178 demittunt
378 1146 548 1186 mentes,
567 1143 598 1177 it
617 1143 734 1177 scissa
754 1145 864 1177 veste
885 1140 1062 1186 Latinus,

139 1197 315 1243 coniugis
334 1197 528 1231 attonitus
546 1193 637 1230 fatis
658 1194 843 1243 urbisque
863 1197 986 1239 ruina,
1237 1191 1313 1230 610

139 1251 324 1285 canitiem
345 1247 548 1284 immundo
568 1247 767 1296 perfusam
786 1247 948 1297 pulvere
966 1253 1139 1296 turpans.

192 1302 351 1338 Interea
371 1306 548 1338 extremo
568 1301 736 1338 bellator
754 1303 796 1337 in
814 1314 984 1351 aequore
1004 1301 1159 1337 Turnus
1237 1298 1313 1336 614

138 1355 306 1404 palantis
326 1357 504 1404 sequitur
523 1367 666 1404 paucos
686 1357 762 1391 iam
782 1357 940 1403 segnior
958 1360 1078 1404 atque
1237 1352 1312 1391 615

137 1412 212 1445 iam
233 1412 362 1445 minus
381 1413 501 1458 atque
520 1411 650 1445 minus
669 1421 849 1445 successu
864 1408 991 1446 laetus
1006 1421 1204 1457 equorum.

137 1462 272 1499 attulit
293 1462 369 1498 huc
390 1462 446 1498 illi
467 1464 591 1498 caecis
610 1462 825 1499 terroribus
844 1475 937 1498 aura

137 1518 393 1552 commixtum
414 1515 625 1552 clamorem
642 1520 891 1564 arrectasque
911 1514 1069 1564 impulit
1088 1517 1190 1551 auris

138 1569 322 1606 confusae
343 1582 460 1606 sonus
480 1569 586 1605 urbis
606 1574 647 1605 et
668 1568 896 1606 inlaetabile
915 1582 1099 1605 murmur.

138 1626 161 1643 “
174 1625 210 1660 ei
228 1622 348 1658 mihi!
378 1622 474 1672 quid
492 1627 605 1659 tanto
624 1623 834 1659 turbantur
854 1625 1009 1659 moenia
1028 1622 1166 1658 luctu?
1236 1619 1312 1658 620

136 1679 272 1726 quisve
290 1679 369 1712 ruit
389 1681 523 1713 tantus
543 1675 694 1712 diversa
715 1676 860 1712 clamor
878 1677 926 1712 ab
946 1676 1042 1712 urbe
1056 1676 1070 1711 ?
1084 1675 1104 1688 ’¹

179 1789 224 1808 595
247 1788 359 1820 incedi
376 1789 444 1820 Ml:
467 1787 603 1820 incendi
619 1799 662 1828 7:
685 1788 814 1819 incensi
832 1789 869 1820 R.

180 1832 224 1851 ⁶⁰⁵
248 1831 347 1863 floros
366 1831 506 1871 Probus,
525 1830 661 1863 Servius
674 1841 685 1862 .·
708 1831 813 1862 flavos
830 1832 925 1863 MSS.

179 1875 222 1894 ⁵⁰⁷
246 1875 338 1906 latae
354 1873 460 1906 AFRc
472 1888 482 1907 .·
505 1874 576 1906 late
592 1874 736 1913 M²P7b.

180 1918 234 1942 ⁵¹²⁷
248 1918 292 1937 ⁶1³
315 1917 493 1958 multaque
514 1927 550 1948 se
574 1918 720 1955 incusat,
746 1918 805 1958 qui
828 1928 896 1948 non
915 1918 1086 1959 acceperit
1101 1921 1182 1950 ante
1201 1918 1206 1959 Ι
1227 1918 1310 1951 Dar-

137 1960 277 1992 danium
293 1961 431 1992 Aenean
449 1971 678 2002 generumque
693 1960 880 1992 adsciverit
896 1960 988 1993 ultro
1004 1961 1139 1994 omitted
1154 1962 1311 2002 MPR7b3

136 2003 336 2044 takenfrom
353 2013 402 2035 XI.
423 2004 495 2042 471,
515 2004 587 2038 472.
