1399 2271
630 38 820 76 VIRGIL

139 128 249 173 parte
268 124 342 160 alia
363 124 481 162 Marti
500 138 735 175 currumque
755 131 938 176 rotasque
959 126 1124 164 volucris

137 184 349 229 instabant,
369 184 510 233 quibus
528 184 595 221 ille
616 187 727 230 viros,
749 186 889 234 quibus
910 188 1057 223 excitat
1076 186 1207 233 urbeS‚

136 241 354 290 aegidaque
373 241 615 288 horriferam,
635 244 817 280 turbatae
840 243 1005 280 Palladis
1024 257 1143 290 arma,
1234 248 1308 281 435

137 303 317 337 certatim
336 303 506 350 squamis
525 307 754 350 serpentum
774 315 946 352 auroque
965 303 1157 352 polibant,

136 372 383 410 conexosque
401 363 540 409 anguis
559 363 761 410 ipsamque
782 364 822 397 in
841 366 1002 410 pectore
1021 362 1135 399 divae

137 418 334 467 Gorgona,
353 418 514 456 desecto
534 425 758 456 vertentem
773 421 922 457 lumina
941 420 1052 458 collo.

137 477 294 514 “tollite
309 477 488 523 cuncta,”
502 480 645 528 inquit,
657 482 928 528 “coeptosque
940 479 1093 516 auferte
1105 479 1271 526 labores,

136 536 306 573 Aetnaei
326 536 525 585 Cyclopes,
549 542 591 573 et
610 537 687 573 huc
706 537 903 573 advertite
924 543 1124 574 mentem:
1233 543 1309 574 440

134 608 240 631 arma
258 598 336 631 acri
356 595 536 632 facienda
556 598 647 631 viro.
705 608 810 632 nunc
830 597 975 632 viribus
994 609 1099 641 usus,

134 667 238 690 nunc
258 655 437 690 manibus
456 654 613 702 rapidis,
633 657 739 690 omni
760 667 865 690 nunc
884 660 968 691 arte
987 658 1184 703 magistra.

134 715 390 761 praecipitate
409 712 573 749 moras.”
629 726 703 749 nec
723 713 834 761 plura
854 713 1015 757 effatus3
1043 720 1084 750 at
1104 714 1160 750 illi

133 774 239 808 ocius
259 772 472 808 incubuere
493 785 628 808 omnes
649 775 874 821 pariterque
894 772 1068 809 laborem

133 833 270 867 sortiti.
328 831 413 867 fluit
432 844 497 867 aes
518 833 607 867 rivis
627 834 790 880 aurique
810 831 1015 868 metallum
1233 837 1307 870 445

135 889 413 939 volnificusque
433 889 594 939 chalybs
614 895 721 926 vasta
741 890 899 926 fornace
919 890 1112 940 liquescit.

133 951 338 997 ingentem
360 949 529 998 clipeum
545 948 772 994 informant,
787 962 909 985 unum
924 952 1054 985 omnia
1069 954 1204 987 contra

133 1008 212 1043 tela
234 1007 477 1051 Latinorum,
498 1012 762 1056 septenosque
783 1008 940 1044 orbibus
960 1009 1062 1045 orbis

132 1066 365 1115 impediunt.
422 1066 485 1101 alii
508 1069 680 1102 ventosis
700 1066 859 1102 follibus
879 1080 990 1103 auras

131 1128 331 1174 accipiunt
350 1124 614 1174 redduntque,
635 1125 698 1160 alii
719 1125 928 1162 stridentia
947 1129 1111 1175 tingunt
1231 1131 1308 1164 450

132 1197 221 1221 aera
239 1184 336 1220 lacu.
394 1187 520 1232 gemit
540 1187 732 1232 impositis
752 1184 958 1220 incudibus
979 1190 1146 1221 antrum.

132 1243 187 1279 illi
208 1246 312 1279 inter
331 1255 415 1279 sese
435 1242 559 1278 multa
580 1246 615 1278 vi
636 1242 816 1279 bracchia
834 1243 983 1280 tollunt

132 1305 171 1338 in
191 1315 399 1338 numerum
420 1307 655 1350 versantque
676 1303 807 1337 tenaci
828 1301 975 1351 forcipe
997 1316 1173 1340 massam.

186 1361 298 1396 Haec
311 1365 424 1409 pater
438 1360 586 1396 Aeoliis
599 1365 783 1408 properat
799 1359 893 1396 dum
911 1360 1098 1398 Lemnius
1111 1364 1201 1408 oris,

132 1420 359 1456 Euandrum
380 1432 427 1455 ex
448 1418 586 1454 humili
608 1423 715 1454 tecto
736 1418 802 1455 lux
823 1422 986 1456 suscitat
1005 1420 1106 1456 alma
1231 1425 1305 1458 455

131 1483 172 1515 et
191 1480 376 1514 matutini
397 1477 597 1513 volucrum
619 1478 690 1513 sub
711 1477 882 1514 culmine
903 1483 1052 1515 cantus.

131 1539 332 1586 consurgit
351 1539 480 1573 senior
501 1538 713 1585 tunicaque
734 1536 934 1573 inducitur
953 1543 1059 1574 artus

130 1601 172 1632 et
191 1595 395 1644 Tyrrhena
414 1595 561 1644 pedum
582 1595 798 1631 circumdat
818 1595 971 1631 vincula
992 1597 1161 1645 plantis;

129 1660 213 1691 tum
228 1654 340 1690 lateri
353 1659 472 1704 atque
486 1656 631 1690 umeris
643 1654 869 1703 Tegeaeum
883 1654 1055 1704 subligat
1068 1668 1216 1702 ensem,

128 1713 296 1750 demissa
315 1714 364 1749 ab
382 1713 493 1750 laeva
513 1712 731 1762 pantherae
750 1718 864 1762 terga
884 1718 1126 1763 retorquens.
1228 1713 1304 1752 460

128 1785 202 1809 nec
220 1785 300 1809 non
321 1777 363 1809 et
381 1774 529 1821 gemini
550 1771 733 1808 custodes
752 1771 888 1808 limine
908 1773 957 1808 ab
976 1773 1057 1809 alto

383 1857 426 1876 ¹³⁸
450 1856 584 1888 deiecto
602 1858 639 1888 R.
807 1856 850 1876 ⁴⁴³
874 1858 924 1896 at]
942 1860 978 1889 et
993 1857 1045 1889 ΡΙ.

446 1932 458 1953 ¹
481 1932 523 1973 cs.
547 1932 711 1972 Georyics,
731 1941 778 1964 lv.
802 1934 958 1967 171-175.

125 1982 175 2019 90
