1399 2271
617 88 813 126 VIRGIL

678 227 734 263 lx

121 314 249 351 PAUCA
269 313 378 359 m1hi,
399 317 513 351 niveo
534 313 603 350 sed
623 328 703 350 non
723 317 924 364 incognita
948 314 1118 360 Phoebo,

171 389 294 426 pauca
313 376 409 412 mihi
429 377 570 413 doctae
589 376 711 413 dicite
734 376 955 426 Pegasides.

119 441 241 475 victor
254 438 380 483 adest,
392 440 526 487 magni
541 451 728 488 magnum
742 438 862 475 decus
877 451 969 475 ecce
985 438 1189 488 triumphi,

169 503 306 546 victor,
325 513 402 550 qua
422 505 549 536 terrae
569 513 724 550 quaque
743 506 886 550 patent
904 503 1036 546 maria,

118 563 273 599 horrida
292 563 515 599 barbaricae
538 567 698 611 portans
717 564 886 611 insignia
905 575 1075 612 pugnae,
1269 568 1291 600 5

168 637 334 674 magnus
353 630 398 661 ut
419 624 595 661 Oenides
614 629 738 673 utque
759 625 949 673 superbus
969 624 1098 674 Eryx3

115 700 189 724 nec
208 691 338 723 minus
356 686 501 723 idcirco
521 691 672 722 vestros
691 698 922 735 expromere
942 691 1081 723 cantus

166 752 359 785 maximus
379 753 421 785 et
440 753 595 785 sanctos
615 747 758 797 dignus
778 750 877 785 inire
898 748 1045 785 choros.

116 812 188 848 hoc
208 814 342 860 itaque
361 812 527 847 insuetis
546 812 669 846 iactor
687 812 826 859 magis,
844 812 1007 859 optime,
1027 813 1141 855 curis,

166 873 262 923 quid
280 872 331 909 de
351 877 393 909 te
413 874 557 921 possim
577 872 747 908 scribere
767 871 911 921 quidve
931 872 1014 909 tibi.
1244 879 1289 910 10

114 947 283 985 namque
305 934 474 982 (fatebor
493 934 615 981 enim)
636 946 736 983 quae
756 936 924 970 maxima
943 933 1172 971 deterrendi

165 998 317 1042 debuit,
337 995 522 1033 hortandi
540 997 710 1032 maxima
729 1008 844 1032 causa
862 995 949 1032 fuit.

111 1073 234 1109 pauca
253 1064 321 1095 tua
341 1061 382 1094 in
401 1063 553 1094 nostras
574 1062 771 1094 venerunt
789 1059 962 1094 carmina
983 1058 1150 1104 chartas,

163 1124 335 1158 carmina
354 1134 443 1157 cum
463 1120 610 1168 lingua,
630 1124 716 1156 tum
736 1119 815 1156 sale
836 1120 1037 1170 Cecropio,

111 1186 294 1229 carmina,
315 1195 414 1232 quae
437 1181 666 1231 Phrygium,
687 1181 824 1218 saeclis
843 1187 1006 1231 accepta
1025 1181 1179 1229 futuris,
1241 1189 1284 1221 15

162 1248 345 1290 carmina,
366 1257 466 1294 quae
488 1243 643 1293 Pylium
661 1245 818 1280 vincere
838 1243 959 1292 digna
979 1257 1125 1281 senem.

109 1308 280 1344 molliter
299 1306 363 1343 hic
384 1306 497 1342 viridi
517 1304 677 1355 patulae
697 1305 769 1342 sub
788 1308 967 1355 tegmine
988 1319 1155 1356 quercus

162 1370 307 1406 Moeris
327 1373 503 1418 pastores
524 1373 565 1404 et
586 1366 806 1404 Meliboeus
828 1373 953 1413 erant,

107 1431 236 1467 dulcia
255 1433 446 1466 iactantes
466 1429 619 1466 alterno
641 1431 813 1464 carmina
832 1442 959 1475 versu,

159 1493 288 1543 qualia
306 1492 530 1528 Trinacriae
550 1490 690 1527 doctus
707 1496 815 1527 amat
833 1493 995 1530 iuvenis.
1233 1497 1282 1530 20

106 1558 287 1592 certatim
307 1554 501 1590 ornabant
520 1565 658 1589 omnes
677 1551 839 1589 heroida
859 1552 952 1598 divi,

157 1619 339 1654 certatim
359 1615 472 1652 divae
491 1627 656 1651 munere
676 1627 832 1664 quoque
853 1627 933 1651 suo.

147 1703 159 1722 ³
183 1702 329 1733 victoria
345 1705 399 1733 est
414 1701 521 1733 ZMu.

145 1746 174 1766 ¹⁵
198 1745 386 1786 Phrygium
413 1743 596 1775 Heinsius:
617 1743 716 1784 prcifi
739 1741 805 1774 3⁹:
827 1743 949 1784 pilium
976 1742 1065 1774 AR:
1087 1742 1187 1775 whole
1213 1743 1279 1775 line

102 1788 236 1820 omitted
253 1787 390 1819 B¹HJ1L

145 1831 173 1851 ²¹
195 1831 269 1863 divi
284 1831 403 1862 Densa
416 1844 426 1862 .·
449 1829 529 1861 dive
544 1835 580 1861 Ω.

141 1916 154 1936 ²
178 1917 234 1947 An
249 1915 440 1946 encomium
456 1913 643 1945 addressed
657 1918 693 1945 to
705 1924 769 1944 one
781 1913 817 1945 of
832 1913 891 1945 the
905 1913 1097 1952 Messallae,
1110 1914 1277 1956 probably

101 1960 147 1990 M.
168 1959 329 1990 Valerius
354 1957 516 1988 Messalla
539 1956 707 1989 Corvinus
731 1958 785 1995 (64
801 1958 914 1988 B.c.-8
931 1958 1034 1995 A.1).),
1059 1963 1186 1998 patron
1208 1958 1276 1989 and

99 2001 212 2033 friend
227 2001 263 2033 of
278 2000 446 2039 Tibullus,
465 2000 543 2031 who
559 1999 759 2041 triumphed
774 2009 856 2031 over
871 1999 1062 2041 Aquitania
1077 2000 1113 2031 in
1127 2001 1168 2035 27
1185 2009 1251 2033 Rc.

99 2049 176 2087 494
