1399 2271
638 83 830 121 VIRGIL

146 171 307 209 Claudia
324 184 430 208 nunc
449 184 471 207 a
490 184 567 221 quo
585 171 819 208 diffunditur
838 175 880 208 et
899 171 1024 208 tribus
1043 175 1086 208 et
1104 183 1202 220 gens

145 244 215 281 per
228 231 398 276 Latium,
411 235 618 280 postquam
632 232 671 266 in
684 235 838 279 partem
851 229 943 266 data
957 230 1077 266 Roma
1090 229 1253 267 Sabinis.

145 304 222 327 una
240 292 381 339 ingens
401 289 609 326 Amiterna
628 289 765 326 cohors
784 291 979 339 priscique
1000 289 1189 335 Quirites,
1245 290 1320 328 710

146 350 255 387 Ereti
275 362 412 386 manus
432 351 558 385 omnis
578 347 857 398 oliviferaeque
880 349 1099 394 Mutuscae,

144 412 211 460 qui
230 409 475 446 Nomentum
495 408 647 454 urbem,
667 410 733 458 qui
757 408 880 444 Rosea
900 420 989 444 rura
1008 407 1152 453 Velini,

144 471 210 518 qui
228 468 410 505 Tetricae
429 467 626 504 horrentis
645 479 763 516 rupes
782 472 1038 516 montemque
1058 466 1247 504 Severum

145 528 446 576 Casperiamque
459 526 595 563 colunt
610 526 847 576 Forulosque
861 531 902 562 et
915 525 1059 562 flumen
1076 525 1290 571 Himellae,

143 590 209 637 qui
221 587 395 624 Tiberim
411 585 668 636 Fabarimque
681 586 836 632 bibunt,
850 598 946 635 quos
959 584 1101 634 frigida
1113 587 1220 623 misit
1245 587 1319 624 715

144 646 285 683 Nursia
303 651 345 683 et
366 646 532 683 Ortinae
553 645 694 682 classes
713 644 927 695 populique
949 644 1095 691 Latini,

142 718 316 755 quosque
336 718 472 742 secans
491 704 707 741 infaustum
726 703 907 741 interluit
924 703 1028 740 Allia
1043 717 1188 741 nomen
1204 717 1212 742 :

142 778 258 814 quam
277 764 393 801 multi
414 764 561 813 Libyco
581 763 792 800 volvuntur
811 775 1003 799 marmore
1023 761 1177 810 fluctus,

141 836 277 861 saevus
298 824 364 860 ubi
384 823 507 860 Orion
527 822 702 859 hibernis
723 822 906 859 conditur
925 821 1053 867 undis,

142 882 203 920 vel
222 896 311 920 cum
330 882 411 920 sole
432 895 533 919 novo
552 882 699 919 densae
719 887 920 919 torrentur
938 883 1080 919 aristae
1242 883 1318 921 720

139 946 208 979 aut
229 942 369 978 Hermi
389 954 527 990 campo
546 946 615 978 aut
637 940 779 991 Lyciae
798 940 1031 977 flaventibus
1051 942 1162 978 arvis.

139 1005 249 1037 scuta
269 1005 411 1037 sonant
430 999 624 1050 pulsuque
645 999 792 1049 pedum
813 1001 1027 1036 conterrita
1047 998 1177 1036 tellus.

193 1059 300 1095 Hinc
322 1059 670 1108 Agamemnonius,
690 1058 847 1095 Troiani
867 1059 1036 1094 nominis
1057 1057 1192 1105 hostis,

139 1131 251 1155 curru
272 1121 401 1167 iungit
422 1117 616 1155 Halaesus
637 1130 757 1168 equos
777 1117 989 1167 Turnoque
1009 1116 1149 1155 ferocis

139 1177 245 1214 mille
265 1179 367 1226 rapit
386 1176 564 1226 populos,
584 1181 746 1213 vertunt
767 1175 896 1213 felicia
916 1176 1070 1212 Baccho
1240 1179 1314 1216 725

140 1236 305 1273 Massica
324 1238 390 1286 qui
411 1238 556 1282 rastris,
577 1240 619 1273 et
638 1248 734 1285 quos
754 1235 804 1272 de
826 1234 989 1272 collibus
1009 1235 1100 1273 altis

138 1295 313 1331 Aurunci
333 1296 473 1331 misere
494 1299 627 1343 patres
647 1294 898 1344 Sidicinaque
918 1296 1026 1331 iuxta

137 1367 317 1404 aequora,
336 1356 482 1403 quique
503 1353 614 1390 Cales
633 1353 833 1403 linquunt,
853 1355 1056 1403 amnisque
1078 1354 1209 1391 vadosi

135 1412 267 1449 accola
286 1412 481 1458 Volturni,
501 1415 727 1462 pariterque
748 1411 943 1449 Saticulus
964 1425 1076 1461 asper

136 1472 407 1521 Oscorumque
428 1484 576 1509 manus.
636 1476 784 1508 teretes
804 1476 897 1508 sunt
917 1470 1076 1520 aclydes
1096 1471 1171 1509 illis
1238 1473 1314 1511 730

137 1530 228 1576 tela,
248 1530 317 1567 sed
338 1530 435 1567 haec
454 1530 565 1567 lento
585 1543 668 1568 mos
688 1535 749 1568 est
768 1535 903 1580 aptare
924 1529 1103 1579 flagello;

134 1588 262 1626 laevas
282 1593 389 1626 cetra
408 1591 524 1638 tegit,
545 1588 677 1626 falcati
698 1591 915 1626 comminus
936 1602 1060 1626 enses.

188 1647 272 1684 Nee
292 1653 335 1684 tu
356 1648 592 1684 carminibus
611 1650 754 1685 nostris
776 1648 947 1685 indictus
967 1648 1104 1694 abibis,

134 1706 299 1752 Oebale,
311 1719 429 1756 quem
441 1719 650 1755 generasse
663 1706 788 1744 Telon
802 1705 1020 1744 Sebethide
1032 1706 1206 1756 nympha

134 1765 271 1811 fertur,
291 1765 509 1802 Teleboum
529 1765 697 1815 Capreas
717 1779 806 1803 cum
826 1779 948 1815 regna
967 1771 1139 1812 teneret,
1236 1767 1310 1803 735

132 1827 209 1861 iam
228 1826 380 1869 senior3
409 1826 544 1874 patriis
564 1824 633 1862 sed
654 1837 734 1862 non
754 1829 796 1862 et
815 1824 915 1861 filius
934 1827 1034 1862 arvis

195 1905 240 1925 ⁷⁰⁸
262 1915 280 1936 e
296 1915 364 1947 quo
379 1905 441 1936 M'l.
491 1905 610 1948 ingens
627 1906 674 1936 M.
782 1904 826 1925 ⁷¹²
850 1905 942 1936 Rosa
958 1905 1016 1937 M:
1040 1904 1163 1936 Roscia
1179 1904 1255 1944 P27.

197 1948 240 1968 ⁷¹³
263 1958 396 1979 amnem
413 1948 488 1988 P71.
581 1948 625 1969 ⁷¹⁵
648 1947 819 1980 Fabarum
835 1948 922 1982 P1R.
1011 1947 1057 1968 ⁷²²
1080 1958 1181 1980 cursu
1196 1948 1243 1980 M.

197 1991 241 2011 ⁷²⁵
265 1991 409 2023 veniunt
426 1992 466 2024 R.
584 1991 628 2012 '¹²⁷
652 2001 747 2023 senes
764 1991 826 2024 Μ’.
1017 1990 1062 2011 '¹⁸⁶
1085 1990 1188 2022 armis
1203 1991 1246 2023 R.

134 2039 182 2073 52
