1399 2271
671 39 723 76 VI
732 40 860 76 RGIL

181 132 427 176 testaturque
445 126 575 162 locum
594 131 637 164 et
654 126 780 163 letum
800 126 918 163 docet
937 126 1102 176 hospitis
1122 128 1229 176 Argi.

180 182 271 217 hinc
289 180 339 216 ad
357 180 564 228 Tarpeiam
583 179 719 216 sedem
739 185 781 216 et
800 179 991 229 Capitolia
1009 180 1132 226 ducit,

179 247 295 270 aurea
314 246 432 278 nunc,
452 233 544 268 olim
564 233 806 269 silvestribus
825 232 980 269 horrida
999 233 1137 270 dumis.

179 291 254 323 iam
274 292 359 324 tum
379 286 517 334 religio
536 285 696 334 pavidos
715 286 891 322 terrebat
909 289 1074 335 agrestis

179 341 261 377 dira
280 340 367 385 loci,
386 342 463 375 iam
482 344 568 376 tum
588 339 724 375 silvam
745 352 958 388 saxumque
978 341 1214 377 tremebant.
1273 344 1348 377 350

182 399 203 414 “
212 394 285 430 hoc
297 406 448 438 nemus,
462 392 605 437 hunc‚'’
619 395 760 441 inquit,
776 391 990 429 “frondoso
1002 396 1148 430 vertice
1162 394 1316 440 collem,

179 450 264 496 quis
275 447 372 483 deus
384 449 579 482 incertum
593 451 665 490 est,
680 445 832 481 habitat
844 445 941 482 deus
955 459 965 490 3
985 446 1158 483 Arcades
1171 450 1297 496 ipsum

178 500 346 536 credunt
364 513 405 536 se
425 499 567 535 vidisse
588 499 734 544 Iovem,
755 512 843 535 cum
863 512 980 548 saepe
999 502 1223 548 nigrantem

177 553 316 603 aegida
336 557 567 589 concuteret
587 552 725 588 dextra
746 553 978 601 nimbosque
998 556 1131 590 cieret.

178 607 274 643 haec
293 606 371 643 duo
390 611 595 655 praeterea
614 606 788 642 disiectis
807 605 952 654 oppida
970 609 1102 652 muris,
1273 612 1346 645 355

177 660 358 710 reliquias
378 664 636 708 veterumque
655 659 764 695 vides
783 664 1040 696 monumenta
1059 662 1238 698 virorum.

177 713 276 750 hanc
294 713 410 749 Ianus
425 717 549 761 pater,
567 712 667 748 hanc
687 712 878 749 Saturnus
893 712 1238 759 condiditrarcem3

179 766 395 802 Ianiculum
415 766 517 811 huic,
537 765 592 801 illi
614 765 743 802 fuerat
755 765 937 802 Saturnia
956 767 1140 803 nomen.’'

227 819 386 855 Talibus
407 822 510 855 inter
529 832 570 855 se
590 819 705 855 dictis
724 818 773 855 ad
792 824 901 856 tecta
919 820 1103 857 subibant

175 876 354 922 pauperis
375 872 560 917 Euandri,
580 875 801 921 passimque
821 879 999 909 armenta
1017 873 1206 911 videbant
1271 874 1346 911 360

176 927 427 975 Romanoque
449 925 546 961 Foro
566 931 608 962 et
628 925 744 962 lautis
762 928 915 974 mugire
936 926 1094 963 Carinis.

173 985 217 1016 ut
230 984 391 1016 ventum
405 979 454 1015 ad
467 979 593 1023 sedes,
605 982 631 999 “
642 978 776 1023 haec,”
791 982 932 1028 inquit,
948 979 1119 1016 “limina
1134 983 1257 1018 victor

173 1032 331 1069 Alcides
352 1033 484 1077 subiit,
504 1032 600 1068 haec
620 1032 729 1068 illum
751 1035 858 1080 regia
878 1035 995 1081 cepit.

171 1086 284 1131 aude,
298 1086 451 1134 hospes,
465 1091 720 1122 contemnere
733 1098 827 1134 opes
841 1091 881 1122 et
894 1091 934 1122 te
948 1098 1103 1135 quoque
1116 1087 1279 1136 dignum

172 1139 275 1188 finge
296 1139 382 1184 deo,
403 1139 597 1188 rebusque
617 1140 707 1174 veni
726 1151 806 1174 non
824 1152 938 1188 asper
957 1140 1131 1189 egenis.”
1268 1141 1341 1178 365

170 1193 270 1229 dixit
289 1197 331 1228 et
349 1194 506 1240 angusti
526 1192 662 1228 subter
680 1191 836 1241 fastigia
854 1194 952 1229 tecti

170 1249 375 1294 ingentem
396 1245 561 1281 Aenean
580 1245 694 1281 duxit
712 1248 923 1294 stratisque
942 1245 1086 1284 locavit

169 1299 348 1334 effultum
368 1298 469 1334 foliis
490 1303 531 1334 et
550 1298 654 1346 pelle
674 1297 889 1348 Libystidis
909 1312 1031 1336 ursae.

169 1365 244 1387 nox
266 1354 344 1387 ruit
364 1356 405 1387 et
425 1351 542 1387 fuscis
561 1351 746 1388 tellurem
765 1351 1019 1400 amplectitur
1037 1353 1117 1390 alis.

221 1405 276 1441 At
297 1405 429 1440 Venus
450 1404 555 1440 haud
574 1407 705 1440 animo
724 1407 961 1454 nequiquam
983 1409 1171 1443 exterrita
1189 1413 1327 1453 mater,

169 1457 490 1506 Laurentumque
509 1460 625 1494 minis
644 1462 686 1494 et
704 1457 802 1494 duro
820 1463 928 1495 mota
946 1459 1134 1505 tumultu,
1265 1464 1333 1500 371

167 1511 382 1547 Volcanum
395 1511 631 1560 adloquitur,
644 1510 896 1560 thalamoque
909 1511 1006 1549 haec
1018 1516 1194 1563 coniugis
1206 1528 1323 1551 aureo

166 1567 304 1613 incipit
324 1570 366 1601 et
384 1564 499 1600 dictis
518 1562 695 1601 divinum
714 1564 887 1613 adspirat
905 1578 1101 1603 amorem:

166 1617 295 1654 “dum
315 1617 419 1654 bello
439 1617 614 1666 Argolici
632 1618 840 1654 vastabant
861 1618 1049 1668 Pergama
1068 1633 1181 1670 reges

249 1717 294 1736 ³⁵⁰
317 1718 482 1750 tenebant,
497 1718 560 1750 M1.
813 1720 857 1739 ³⁵⁷
881 1722 1007 1760 arcem]
1023 1722 1142 1753 urbem
1157 1723 1249 1755 M2R.

248 1760 293 1779 ³⁶¹
316 1760 396 1792 latis
413 1761 484 1792 Ml:
505 1761 660 1793 cavernis
676 1763 714 1794 R.
817 1762 861 1781 ³⁶⁵
885 1763 966 1795 deos
981 1764 1033 1796 ΡΩ.

166 1883 311 1958 “zvffiltig
330 1884 536 1968 elisar-§iletum
571 1885 738 1927 probably
769 1889 845 1928 gets
877 1887 921 1918 its
952 1897 1051 1919 name
1081 1887 1168 1920 froin
1198 1889 1333 1930 aryilla,

164 1985 214 2018 84
