1399 2271
632 81 822 119 VIRGIL

145 168 362 205 succedunt
379 170 666 218 animasque-in
685 173 822 217 aperta
841 167 1015 217 pericula
1030 171 1206 204 mittunt.

145 225 176 257 it
195 222 339 258 clamor
359 224 452 258 totis
472 235 542 271 per
561 222 853 271 propugnacula
872 224 1005 266 muris,

145 275 361 311 intendunt
378 278 476 311 acris
495 288 605 312 arcus
623 281 902 324 ammentaque
920 279 1119 324 torquent.
1239 271 1314 310 665

145 331 335 365 sternitur
354 342 470 365 omne
490 328 616 365 solum
634 329 738 374 telis,
757 333 843 364 tum
863 333 972 365 scuta
992 340 1187 376 cavaeque

145 382 243 418 dant
260 384 432 419 sonitum
452 382 557 419 flictu
578 382 727 431 galeae,
747 395 880 431 pugna
897 394 1035 430 aspera
1054 384 1201 430 surgit:

145 440 314 484 quantus
333 436 381 471 ab
400 448 538 472 occasu
558 438 720 472 veniens
740 435 972 484 pluvialibus
994 435 1145 471 Haedis

143 484 326 525 verberat
337 490 462 526 imber
474 489 650 534 humum,
663 502 779 538 quarn
792 489 917 525 multa
927 488 1119 537 grandine
1132 488 1255 524 nimbi

145 544 185 578 in
197 542 295 578 vada
307 545 580 592 praecipitant,
589 556 678 579 cum
691 543 871 591 Iuppiter
882 542 1061 578 horridus
1074 542 1228 578 Austris
1241 539 1316 579 670

145 601 305 645 torquet
315 609 499 645 aquosam
512 596 684 633 hiemem
697 601 739 632 et
751 595 860 632 caelo
872 609 963 631 cava
976 595 1110 631 nubila
1122 597 1278 643 rumpit.

200 648 398 686 Pandarus
418 655 460 686 et
479 650 613 695 Bitias,
635 650 753 686 idaeo
772 649 967 685 Alcanore
986 651 1097 694 creti,

145 715 241 751 quos
262 702 363 739 Iovis
383 702 521 739 eduxit
538 703 626 739 luco
644 703 832 739 silvestris
854 703 975 748 Iaera,

144 756 340 792 abietibus
359 758 521 793 iuvenes
540 758 675 805 patriis
695 761 737 792 et
755 757 954 792 montibus
974 750 1131 804 aequos,

145 815 309 857 portam,
326 822 425 858 quae
441 809 550 846 ducis
566 812 730 859 imperio
745 812 961 854 commissa,
977 808 1200 854 recludunt,
1240 807 1314 847 675

145 862 237 899 freti
255 866 384 907 armis,
404 862 586 912 ultroque
606 866 777 899 invitant
794 863 1000 899 moenibus
1020 862 1185 898 hostem.

145 918 217 964 ipsi
236 919 343 952 intus
363 916 503 953 dextra
521 930 566 952 ac
585 916 695 953 laeva
714 929 783 965 pro
803 917 975 953 turribus
994 915 1167 961 adstant,

144 973 283 1005 armati
302 969 405 1006 ferro
426 975 468 1006 et
487 973 612 1006 cristis
633 973 761 1019 capita
781 969 860 1006 alta
880 972 1028 1006 corusci
1045 982 1053 1006 :

145 1023 279 1072 quales
298 1026 426 1059 aeriae
445 1023 638 1072 liquentia
656 1023 815 1059 flumina
834 1025 991 1068 circum,

146 1078 226 1113 sive
248 1076 342 1112 Padi
363 1079 467 1125 ripis,
489 1076 672 1114 Athesim
692 1090 761 1113 seu
781 1081 942 1126 propter
960 1089 1182 1120 amoenum,
1241 1073 1316 1112 680

146 1135 388 1178 consurgunt
407 1132 588 1178 geminae
609 1143 776 1179 quercus
795 1132 1029 1178 intonsaque
1051 1129 1158 1166 caelo

143 1182 334 1220 attollunt
352 1186 481 1232 capita
500 1188 542 1220 et
555 1183 711 1220 sublimi
731 1186 878 1220 vertice
897 1188 1051 1219 nutant.

145 1239 377 1285 inrumpunt
396 1236 525 1273 aditus
548 1237 682 1273 Rutuli
703 1242 747 1273 ut
766 1237 899 1273 videre
919 1239 1105 1285 patentis.

145 1292 332 1326 continuo
351 1289 556 1335 Quercens
575 1295 618 1326 et
637 1289 802 1339 pulcher
821 1289 1037 1339 Aquiculus
1056 1291 1172 1325 armis

145 1348 186 1379 et
206 1356 391 1392 praeceps
411 1345 530 1379 animi
550 1343 713 1380 Tmarus
734 1348 775 1380 et
796 1343 1011 1379 Mavortius
1030 1343 1212 1379 Haemon
1242 1341 1316 1379 685

144 1397 365 1444 agminibus
386 1399 479 1433 totis
498 1402 567 1433 aut
586 1399 685 1433 versi
705 1402 817 1445 terga
836 1397 984 1433 dedere

145 1454 213 1486 aut
231 1452 315 1498 ipso
335 1455 470 1498 portae
491 1463 656 1498 posuere
676 1453 716 1486 in
736 1450 871 1487 limine
891 1452 1023 1487 vitam.

145 1508 230 1539 tum
249 1506 372 1551 magis
392 1506 618 1540 increscunt
635 1506 775 1539 animis
794 1503 1035 1539 discordibus
1055 1505 1133 1539 irae

147 1561 188 1592 et
207 1558 281 1591 iarn
302 1556 457 1593 collecti
478 1556 598 1593 Troes
617 1557 887 1605 glomerantur
907 1556 1046 1593 eodem

146 1614 187 1646 et
207 1609 385 1647 conferre
404 1623 564 1646 manum
580 1615 621 1647 et
641 1623 868 1659 procurrere
883 1610 1037 1658 longius
1051 1609 1211 1646 audent.
1243 1607 1319 1651 690

200 1662 364 1699 Ductori
384 1663 528 1709 Turno,
549 1663 700 1700 diversa
720 1666 759 1700 in
780 1669 891 1713 parte
912 1663 1059 1700 furenti

232 1777 274 1795 ⁸5⁷
299 1776 433 1807 atflietu
450 1777 507 1807 M:
529 1776 671 1808 adflictu
689 1778 739 1808 B:
763 1776 869 1808 fluctu
886 1777 940 1815 7¹:
965 1776 1060 1807 flictu
1077 1777 1106 1807 P
1120 1776 1264 1808 Servius.

231 1819 274 1838 ⁶⁷⁴¹
298 1820 420 1860 patriis
437 1820 576 1851 iuvenes
593 1820 657 1859 Py.
751 1820 792 1839 675
815 1820 932 1858 armis]
948 1820 1070 1850 animis
1086 1819 1232 1858 Bentley.

232 1862 275 1880 ⁶⁷⁸
298 1866 478 1893 coruscant
494 1863 539 1894 M.
753 1863 797 1881 ‘³⁷⁹
822 1863 981 1903 Liquetia
996 1862 1096 1901 7²b²c‚
1112 1862 1254 1893 Servius.

232 1904 275 1923 ‘²⁵³⁵
299 1904 417 1936 Marus
433 1905 478 1936 M.
754 1905 798 1924 ‘⁹⁸⁵
822 1908 884 1936 aut
900 1905 1003 1944 versi]
1019 1905 1131 1936 aversi
1147 1904 1237 1944 1³¹7&

232 1947 276 1966 ⁶⁸⁹
298 1947 432 1987 eodem]
449 1948 482 1978 in
499 1958 604 1979 unum
620 1949 658 1979 R.

232 1989 276 2009 ⁸⁹⁰
299 1991 451 2030 manum]
467 1990 610 2031 gradum
628 1990 770 2023 Nonius.
820 1990 1002 2032 procedere
1018 1991 1159 2022 Nonius.

151 2037 222 2070 158
