1399 2271
657 85 846 122 VIRGIL

168 169 419 219 turbantique
440 171 553 215 viros,
573 169 769 219 perfertur
789 173 964 216 nuntius,
985 170 1138 208 hostem

166 228 316 265 fervere
337 228 457 265 caede
477 242 576 265 nova
596 234 638 266 et
656 234 787 278 portas
808 230 996 278 praebere
1017 232 1201 279 patentis.

165 287 311 324 deserit
330 290 532 337 inceptum
553 293 672 338 atque
692 290 852 324 immani
873 291 1049 325 concitus
1069 291 1125 325 ira

165 346 401 383 Dardaniam
422 349 501 383 ruit
519 346 567 383 ad
588 352 741 396 portam
761 346 981 397 fratresque
1002 348 1199 396 superbos.
1259 346 1333 390 695

164 410 204 442 et
223 408 392 455 primum
412 405 660 455 Antiphaten
680 405 729 457 (is
749 408 855 443 enim
876 419 916 443 se
937 409 1083 456 primus
1103 405 1279 458 agebat),

163 464 350 502 Thebana
370 465 420 502 de
440 470 565 502 matre
585 465 752 502 nothum
773 464 1009 514 Sarpedonis
1028 465 1110 511 alti,

163 526 341 560 coniecto
361 526 504 561 sternit
523 523 671 567 iaculo;
700 523 805 560 volat
828 523 926 560 Itala
946 536 1085 560 cornus

163 587 251 620 aera
269 595 340 633 per
359 588 541 620 tenerum
560 583 841 632 stomachoque
862 582 978 619 infixa
997 583 1069 620 sub
1089 583 1213 620 altum

163 647 300 691 pectus
320 641 413 688 abit,
434 642 566 678 reddit
585 655 724 691 specus
743 644 817 678 atri
838 641 1007 679 volneris
1027 642 1173 678 undam
1261 645 1336 681 700

162 706 411 749 spumantem
433 705 474 737 et
493 700 567 736 fixo
587 699 735 736 ferrum
754 702 794 736 in
815 699 1000 749 pulmone
1021 704 1200 750 tepescit.

163 766 244 797 tum
268 760 473 808 Meropem
492 764 610 808 atque
632 758 847 808 Erymanta
871 771 1001 805 manu,
1022 764 1107 796 tum
1133 764 1230 797 ster-

267 820 326 855 nit
347 817 599 867 Aphidnum3

162 882 246 914 tum
261 876 390 913 Bitian
403 876 609 913 ardentem
623 876 744 912 oculis
756 878 974 926 animisque
987 875 1238 922 frementem,

162 949 240 972 non
255 935 394 981 iaculo,
409 948 539 985 neque
560 937 665 971 enim
682 935 807 971 iaculo
824 937 943 971 vitam
959 934 1026 972 ille
1042 935 1231 982 dedisset,

161 995 230 1032 sed
250 1007 437 1044 magnum
457 994 628 1031 stridens
648 998 828 1030 contorta
849 993 1044 1042 phalarica
1065 997 1186 1040 venit,
1262 998 1335 1034 705

162 1053 335 1090 fulminis
355 1058 442 1089 acta
460 1053 589 1098 modo,
610 1065 726 1102 quam
746 1065 820 1089 nec
841 1052 918 1089 duo
938 1057 1074 1090 taurea
1093 1059 1205 1103 terga

162 1125 234 1149 nec
254 1112 401 1162 duplici
421 1124 581 1161 squama
600 1110 718 1147 lorica
737 1110 862 1147 fidelis
884 1116 925 1147 et
944 1125 1038 1148 auro

162 1173 371 1208 sustinuit:
400 1170 582 1219 conlapsa
603 1174 723 1206 ruunt
743 1171 927 1205 immania
946 1171 1134 1216 membra,

161 1230 230 1267 dat
242 1230 360 1267 tellus
373 1232 567 1278 gemitum
581 1233 622 1265 et
634 1228 804 1277 clipeum
817 1241 934 1277 super
947 1230 1101 1266 intonat
1114 1232 1264 1279 ingens.

163 1289 249 1326 talis
270 1291 308 1324 in
330 1289 503 1325 Euboico
526 1288 704 1324 Baiarum
724 1287 838 1324 litore
859 1287 1055 1336 quondam
1262 1291 1337 1328 710

162 1361 276 1384 saxea
296 1347 372 1396 pila
393 1346 510 1391 cadit,
531 1349 682 1395 magnis
703 1359 819 1395 quam
839 1346 1006 1382 molibus
1027 1351 1120 1384 ante

161 1410 424 1442 constructam
447 1409 568 1454 ponto
589 1407 748 1449 iaciunt,
769 1406 822 1440 sic
843 1403 907 1439 illa
929 1406 1080 1440 ruinam

161 1478 281 1514 prona
301 1464 422 1501 trahit
443 1466 679 1513 penitusque
700 1462 807 1499 vadis
828 1462 940 1498 inlisa
960 1464 1177 1508 recumbit3

161 1527 328 1560 miscent
348 1535 389 1559 se
409 1525 529 1558 maria
550 1527 590 1558 et
610 1525 745 1570 nigrae
765 1521 1001 1558 attolluntur
1022 1522 1214 1567 harenae3

161 1588 245 1619 tum
266 1584 395 1619 sonitu
414 1580 608 1630 Prochyta
622 1580 702 1617 alta
716 1582 852 1617 tremit
867 1580 1086 1630 durumque
1103 1582 1231 1619 cubile
1262 1584 1335 1621 715

164 1641 331 1677 Inarime
354 1640 455 1676 Iovis
474 1642 646 1688 imperiis
666 1641 833 1688 imposta
853 1639 1052 1688 Typhoeo.

218 1700 294 1735 Hic
316 1699 420 1735 Mars
439 1701 679 1747 armipotens
697 1700 871 1733 animum
891 1699 1060 1747 virisque
1084 1698 1232 1737 Latinis

161 1758 314 1795 addidit
334 1763 375 1795 et
395 1756 572 1794 stimulos
592 1759 688 1793 acris
708 1757 780 1793 sub
800 1762 960 1805 pectore
980 1759 1100 1793 vertit

161 1819 400 1866 immisitque
421 1816 570 1864 Fugam
590 1815 750 1852 Teucris
770 1820 977 1865 atrumque
997 1815 1205 1853 Timorem.

162 1874 336 1925 undique
356 1877 610 1920 conveniunt,
627 1876 811 1924 quoniam
828 1873 920 1911 data
935 1876 1046 1924 copia
1061 1888 1231 1924 pugnae,
1262 1879 1337 1915 720

188 2032 211 2071 6
269 2035 282 2038 „
399 1988 443 2008 ⁷¹⁰
466 1988 576 2030 qualis
593 1989 652 2028 P7.
787 1987 831 2008 “¹³⁹
855 1988 1018 2020 Fur-orem
1034 1988 1087 2022 P¹.

168 2039 180 2069 l
214 2038 238 2070 0
