1399 2271
659 78 850 116 VIRGIL

165 170 266 203 sicut
287 166 450 216 Hymen
470 165 646 216 praefata
666 164 779 202 dedit
798 167 966 203 conubia
986 166 1136 204 Mortis.

166 234 284 279 atque
304 228 398 265 alias
417 227 493 265 alio
512 227 654 265 densas
674 240 792 277 super
810 231 968 277 agmine
988 234 1158 266 turmas:

165 293 371 340 impietate
390 289 474 327 fera
494 289 703 326 vecordem
723 289 910 327 Colchida
928 296 1108 337 matrem,

165 355 279 388 anxia
298 352 475 389 sollicitis
494 351 758 388 meditantem
778 351 937 389 volnera
956 355 1084 396 natis;
1267 356 1343 389 250

166 417 242 450 iam
265 413 498 450 Pandionias
517 412 739 449 miseranda
759 412 869 462 prole
889 413 1053 462 puellas,

166 489 330 527 quarum
349 488 422 512 vox
445 475 538 525 Ityn
558 474 643 512 edit
664 474 770 524 Ityn,
790 487 868 524 quo
889 474 1086 512 Bistonius
1108 488 1174 511 rex

166 539 282 575 orbus
303 550 424 587 epops
444 542 596 573 maeret
614 536 780 573 volucris
800 542 961 574 evectus
980 539 1021 573 in
1040 549 1162 574 auras.

166 605 207 636 at
226 599 498 636 discordantes
518 598 690 635 Cadmeo
709 600 860 634 semine
880 597 1021 635 fratres

166 665 243 698 iam
264 660 491 698 truculenta
510 659 644 696 ferunt
665 659 888 709 infestaque
908 659 1058 696 lumina
1077 673 1216 709 corpus
1270 663 1344 696 255

166 723 268 759 alter
286 725 328 758 in
347 722 523 766 alterius,
542 723 699 770 iamque
718 726 921 757 aversatur
940 726 1122 771 uterque,

166 787 285 834 impia
304 786 481 833 germani
501 787 636 819 manat
656 782 760 832 quod
781 785 973 831 sanguine
993 782 1143 819 dextra.

167 849 284 894 eheu,
302 846 516 884 mutandus
535 859 751 896 numquam
771 845 902 882 labor!
931 846 1087 883 auferor
1108 846 1211 883 ultra

167 914 206 946 in
227 910 380 947 diversa
399 911 536 957 magis,
557 908 746 944 distantia
765 911 925 944 nomina
945 921 1075 953 cerno,

168 972 340 1021 Elysiam
359 969 576 1007 tranandus
594 982 690 1018 agor
710 969 866 1006 delatus
881 968 931 1005 ad
951 969 1109 1007 undam.
1271 968 1347 1006 260

168 1034 280 1070 obvia
302 1031 554 1080 Persephone
574 1033 738 1067 comites
758 1030 938 1067 heroidas
958 1036 1074 1079 urget

167 1094 348 1131 adversas
368 1091 567 1141 praeferre
588 1091 702 1127 faces.
763 1091 933 1128 Alcestis
953 1092 1002 1128 ab
1022 1092 1130 1128 omni

168 1155 353 1192 inviolata
373 1159 484 1190 vacat
505 1166 609 1198 cura,
630 1152 735 1202 quod
755 1165 869 1189 saeva
888 1155 1019 1189 mariti

168 1221 208 1254 in
229 1215 504 1254 Chalcodoniis
525 1215 688 1251 Admeti
709 1214 789 1251 fata
809 1219 960 1251 morata
980 1219 1050 1251 est.

168 1292 274 1325 ecce,
295 1277 422 1315 Ithaci
442 1279 613 1313 coniunx
633 1289 789 1325 semper
809 1275 942 1321 decus,
965 1275 1152 1322 Icariotis,
1272 1274 1346 1314 265

168 1342 386 1379 femineum
405 1343 597 1388 concepta
616 1337 749 1382 decus,
770 1342 906 1374 manet
926 1342 967 1374 et
988 1337 1123 1386 procul
1143 1337 1210 1374 illa

168 1404 284 1441 turba
302 1401 413 1439 ferox
433 1403 632 1445 iuvenum,
653 1399 744 1436 telis
765 1399 929 1444 confixa,
950 1412 1166 1448 procorum.

168 1464 276 1515 quid,
296 1465 436 1499 misera
456 1460 666 1511 Eurydice,
686 1465 800 1497 tanto
819 1473 996 1497 maerore
1016 1463 1159 1497 recesti

169 1537 374 1576 poenaque
390 1528 594 1573 respectus
607 1527 648 1559 et
661 1535 766 1558 nunc
779 1527 914 1558 manet
928 1522 1110 1572 Orpheos
1122 1525 1162 1558 in
1178 1524 1241 1559 te?

169 1587 295 1623 audax
314 1586 381 1622 ille
402 1584 576 1635 quidem,
591 1586 658 1634 qui
677 1587 815 1620 mitem
836 1583 1036 1620 Cerberon
1057 1597 1241 1633 umquam
1272 1587 1346 1622 270

170 1647 338 1685 credidit
356 1652 425 1683 aut
445 1645 514 1682 uili
535 1645 639 1681 Ditis
661 1644 851 1694 placabile
872 1658 1019 1681 numen

218 1730 263 1750 '⁴⁸
292 1730 436 1762 Vollmer
449 1729 632 1769 recoynizes
652 1739 698 1759 an
718 1727 942 1760 anacoluthon
949 1739 963 1766 ,·
989 1728 1057 1760 Leo
1081 1727 1189 1760 thinks
1212 1739 1234 1760 a
1260 1739 1347 1760 verse

170 1773 350 1812 harefizllen
364 1777 430 1803 out.
479 1771 626 1803 densant
644 1771 738 1803 Ellis.
786 1781 911 1813 supero
928 1771 1060 1811 Haupt.

215 1817 258 1836 ²³¹
284 1815 473 1846 Pandionia
491 1815 679 1846 Housman.
728 1813 941 1845 miserandas
958 1819 995 1852 Ω,
1015 1814 1203 1846 Housman.

215 1860 258 1878 ²⁵⁹
283 1859 422 1889 numina
440 1858 539 1890 ORE.
633 1857 676 1877 ²⁶¹⁰
701 1857 856 1898 Elysium
874 1861 1051 1888 tranamns
1069 1857 1162 1888 Ellis.

214 1903 258 1922 ²⁶⁴
280 1901 354 1933 fata
380 1901 524 1932 Bembo:
548 1904 625 1932 tura
658 1900 816 1931 Ribbeck:
840 1901 914 1931 iura
948 1899 1080 1940 Unyer:
1109 1909 1211 1931 causa
1241 1899 1349 1931 Ellis·

170 1956 252 1977 cura
273 1949 308 1977 n.

215 1988 259 2008 ’θ’
282 1987 385 2019 decus
402 1992 529 2025 manet,
548 1991 582 2017 et
600 1985 696 2018 Ellis.

172 2036 249 2075 390
