1399 2271
637 64 826 101 VIRGIL

142 150 359 186 luctantem
380 155 518 196 rostro,
538 150 652 188 simul
671 150 834 188 aethera
854 151 1035 188 verberat
1054 151 1145 186 alis:

140 211 246 248 haud
258 212 373 249 aliter
385 213 571 262 praedam
583 213 793 249 Tiburtum
806 225 854 250 ex
867 215 1024 262 agmine
1037 211 1216 248 Tarchon
1285 222 1311 247 M

141 279 272 322 portat
283 287 413 311 ovans.
444 275 554 311 ducis
567 274 793 324 exemplum
806 279 1072 323 eventumque
1085 275 1210 310 secuti

143 335 375 372 Maeonidae
395 338 611 372 incurrunt.
664 341 750 372 tum
770 335 861 372 fatis
881 335 1038 371 debitus
1059 335 1209 370 Arruns

139 396 315 433 Velocem
335 397 460 434 iaculo
481 403 522 434 et
541 397 666 434 multa
686 400 790 447 prior
809 402 893 433 arte
914 396 1117 433 Camillam
1239 393 1313 434 760

139 461 277 495 circuit
296 464 349 504 et,
370 472 470 508 quae
490 462 541 496 sit
560 459 718 496 fortuna
737 459 933 504 facillima,
953 463 1136 507 temptat.

139 532 214 569 qua
233 532 275 556 se
295 533 463 570 cumque
484 520 617 557 furens
636 520 768 557 medio
788 520 882 556 tulit
900 522 1057 569 agmine
1078 521 1199 568 virgo,

140 581 211 618 hac
231 582 382 619 Arruns
401 583 507 619 subit
528 588 570 619 et
589 585 733 619 tacitus
752 584 918 631 vestigia
938 581 1102 625 lustrat3

138 655 215 692 qua
229 645 366 680 victrix
382 643 487 680 redit
506 643 572 679 illa
587 643 810 692 pedemque
827 656 874 679 ex
891 642 1005 679 hoste
1021 647 1208 691 reportat,

140 704 209 740 hac
229 707 380 741 iuvenis
400 704 535 741 furtim
557 704 695 741 celeris
716 704 928 754 detorquet
947 704 1131 749 habenas.
1237 702 1311 743 765

139 765 208 802 hos
228 766 358 802 aditus
377 768 532 815 iamque
549 766 618 802 hos
634 766 764 802 aditus
780 778 1016 815 omnemque
1032 770 1209 814 pererrat

139 828 312 877 undique
325 830 532 864 circuitum
546 833 587 864 et
600 833 747 864 certam
760 830 889 877 quatit
902 827 1101 876 improbus
1113 827 1275 864 hastam.

192 889 308 925 Forte
329 902 436 925 sacer
457 888 604 938 Cybelo
626 888 814 925 Chloreus
834 889 1005 938 olimque
1025 889 1204 925 sacerdos

139 952 300 999 insignis
319 949 437 998 longe
461 949 639 999 Phrygiis
659 949 838 998 fulgebat
859 952 899 985 in
917 952 1033 986 armis

137 1016 466 1060 spumantemque
479 1012 656 1059 agitabat
669 1023 826 1061 equum,
843 1024 959 1060 quem
973 1011 1087 1060 pellis
1099 1014 1206 1048 aenis
1237 1015 1312 1052 770

138 1076 177 1109 in
197 1073 370 1122 plumam
390 1075 560 1122 squamis
580 1085 673 1108 auro
694 1077 873 1109 conserta
893 1073 1068 1121 tegebat.

138 1138 220 1183 ipse
240 1136 448 1183 peregrina
469 1133 669 1183 ferrugine
689 1133 814 1170 clarus
835 1139 885 1170 et‘
895 1139 1000 1170 ostro

137 1195 285 1245 spicula
303 1196 514 1245 torquebat
535 1195 654 1245 Lycio
675 1194 868 1245 Gortynia
888 1208 1031 1240 cornu3

137 1270 276 1294 aureus
296 1270 344 1294 ex
366 1259 508 1293 umeris
530 1261 614 1293 erat
633 1269 744 1293 arcus
764 1261 805 1293 et
824 1269 941 1293 aurea
961 1260 1038 1293 vati

137 1318 307 1362 cassida;
336 1323 422 1354 tum
453 1330 630 1354 croceam
661 1317 991 1368 chlamydemque
1021 1321 1206 1369 sinusque

241 1383 438 1428 crepantis
1236 1384 1310 1422 77⁵

137 1443 338 1479 carbaseos
359 1441 466 1478 fulvo
486 1444 526 1477 in
546 1441 693 1477 nodum
714 1441 928 1490 collegerat
947 1455 1052 1488 auro,

138 1507 265 1554 pictus
284 1516 354 1539 acu
375 1506 527 1539 tunicas
548 1508 589 1539 et
609 1504 771 1539 barbara
790 1506 967 1552 tegmina
987 1518 1154 1542 crurum.

137 1565 241 1601 hunc
261 1566 382 1612 virgo,
404 1567 483 1600 sive
504 1569 549 1600 ut
569 1563 728 1613 templis
748 1565 985 1614 praefigeret
1004 1579 1110 1602 arma

136 1626 263 1670 Troia,
283 1627 437 1674 captivo
457 1627 537 1662 sive
558 1630 603 1661 ut
623 1638 663 1662 se
685 1625 807 1662 ferret
826 1628 866 1662 in
886 1640 991 1672 auro,

136 1689 313 1724 venatrix
333 1700 455 1723 unum
476 1699 523 1724 ex
544 1689 650 1723 omni
671 1690 886 1724 certamine
907 1701 1063 1737 pugnae
1235 1693 1309 1730 780

136 1761 250 1785 caeca
270 1749 509 1797 sequebatur
527 1753 736 1798 totumque
757 1751 913 1785 incauta
934 1762 1003 1798 per
1022 1763 1166 1798 agmen

136 1809 308 1846 femineo
328 1809 497 1858 praedae
519 1815 561 1847 et
579 1810 791 1859 spoliorum
811 1810 975 1848 ardebat
995 1825 1138 1858 amore,

179 1927 222 1947 ⁷⁶⁸
245 1927 374 1969 Cybelo
391 1927 474 1966 Albe,
493 1928 628 1959 Servius
641 1939 651 1959 .·
674 1927 802 1969 Cybele
818 1939 861 1969 7:
884 1928 1032 1970 Cybelae
1049 1929 1255 1963 Macrobius.

179 1970 223 1989 ⁷⁷⁴
246 1980 364 2002 umero
378 1981 410 2011 γ.
458 1972 549 2010 erat]
564 1974 664 2003 sonat
679 1972 768 2012 7a2c.

137 2012 213 2051 286
