1399 2271
625 69 816 107 VIRGIL

136 157 231 192 ilicis
252 161 293 193 et
313 158 448 204 nigrae
469 158 618 205 species
640 161 681 192 et
701 155 791 193 fleta
811 169 1015 205 cupressus
1235 160 1307 192 140

137 210 420 259 umbrosaeque
440 215 604 246 manent
624 209 736 258 fagus
755 209 1006 259 hederaeque
1026 210 1193 258 ligantes

137 263 328 308 bracchia,
348 263 541 300 fraternos
560 263 724 312 plangat
742 276 793 300 ne
812 263 979 313 populus
998 266 1112 308 ictus,

137 321 321 366 ipsaeque
341 316 564 353 escendunt
582 316 631 353 ad
650 329 800 353 summa
820 319 1020 353 cacumina
1040 317 1171 353 lentae

136 374 384 420 pinguntque
404 370 580 406 aureolos
600 370 712 406 viridi
732 370 879 419 pallore
899 371 1125 420 corynibos3

136 427 222 474 quis
240 424 378 460 aderat
397 427 540 460 veteris
559 429 710 473 myrtus
729 437 809 460 non
829 426 961 460 nescia
980 423 1060 460 fati.
1236 427 1306 460 145

136 483 176 514 at
194 477 370 514 volucres
390 477 533 526 patulis
553 477 773 514 residentes
793 477 922 513 dulcia
939 480 1054 513 ramis

136 534 306 567 carmina
326 544 397 580 per
415 533 539 567 varios
559 531 684 567 edunt
703 534 927 567 resonantia
947 536 1095 567 cantus.

138 585 195 621 his
215 586 373 621 suberat
392 584 533 634 gelidis
553 597 715 621 manans
735 598 755 621 e
776 584 951 620 fontibus
971 584 1087 629 unda,

137 651 235 688 quae
256 638 406 674 levibus
425 637 621 687 placidum
642 640 732 674 rivis
751 644 864 674 sonat
883 643 970 674 acta
991 638 1178 687 liquorem
1195 650 1203 681 ;

138 697 178 728 et
197 705 351 741 quaqua
370 694 546 740 geminas
566 694 695 727 avium
715 704 787 727 vox
811 692 1005 740 obstrepit
1024 694 1136 736 auris,
1239 696 1308 728 150

139 746 209 781 liac
229 745 414 794 querulae
435 744 614 781 referunt
633 757 758 789 voces,
780 747 864 794 quis
884 747 1019 781 nantia
1039 742 1131 780 limo

138 811 297 847 corpora
317 798 477 847 lympha
497 798 627 841 fovet3
657 801 807 834 sonitus
826 797 896 834 alit
915 801 1013 834 aeris
1033 797 1144 844 echo,

137 855 285 900 argutis
305 857 346 888 et
365 857 506 888 cuncta
524 851 701 888 fremunt
719 851 856 888 ardore
876 851 1028 888 cicadis.

138 911 178 942 at
197 908 298 941 circa
317 908 459 954 passim
481 904 605 941 fessae
625 905 796 942 cubuere
817 905 989 954 capellae

139 958 302 995 excelsis
321 959 457 995 subter
476 958 617 1003 dumis,
637 971 733 1008 quos
753 958 898 994 leniter
917 958 1062 995 adflans
1239 963 1309 996 155

139 1026 229 1049 aura
249 1014 482 1048 susurrantis
502 1014 628 1060 poscit
647 1011 888 1048 confundere
910 1015 1028 1048 venti.

194 1065 340 1110 Pastor,
356 1070 400 1101 ut
415 1065 465 1101 ad
484 1065 636 1102 fontem
653 1065 774 1102 densa
789 1068 984 1115 requievit
998 1068 1038 1102 in
1055 1067 1204 1111 umbi-a,

138 1122 276 1155 mitem
296 1121 479 1167 concepit
497 1120 694 1167 proiectus
713 1119 889 1155 membra
908 1132 1100 1168 soporem,

139 1175 275 1209 anxius
294 1172 444 1208 insidiis
463 1171 591 1216 nullis,
614 1172 683 1208 sed
704 1172 836 1208 lentus
856 1175 896 1208 in
916 1172 1048 1209 herbis

139 1239 275 1263 securo
294 1238 446 1274 pressos
465 1238 600 1262 somno
619 1225 875 1262 mandaverat
893 1232 1010 1263 artus.
1241 1225 1311 1264 160

139 1284 283 1316 stratus
303 1279 412 1315 humi
433 1278 589 1315 dulcem
609 1280 791 1328 capiebat
810 1279 926 1316 corde
947 1282 1135 1329 quietem,

139 1336 179 1369 ni
200 1333 292 1369 Fors
312 1335 483 1369 incertos
503 1335 677 1369 iussisset
696 1332 840 1369 ducere
862 1346 981 1369 casus.

140 1399 230 1422 nam
250 1386 408 1423 solitum
428 1385 587 1422 volvens
606 1385 655 1422 ad
675 1391 833 1435 tempus
852 1387 1041 1423 tractibus
1061 1386 1185 1423 isdem

140 1443 319 1476 immanis
338 1441 442 1475 vario
461 1439 678 1476 maculatus
698 1452 857 1488 corpore
877 1452 1052 1488 serpens,

139 1506 288 1530 mersus
309 1497 354 1529 ut
372 1495 413 1528 in
432 1492 525 1528 limo
544 1505 689 1541 magno
707 1492 930 1530 subsideret
947 1499 1072 1539 aestu,
1238 1492 1309 1530 165

140 1547 252 1583 obvia
271 1547 439 1583 vibranti
459 1559 634 1595 carpens,
655 1549 782 1595 gravis
801 1559 904 1591 aere,
925 1546 1072 1595 lingua,

139 1613 363 1650 squamosos
382 1599 462 1636 late
482 1599 693 1649 torquebat
711 1600 882 1636 motibus
903 1600 1005 1636 orbis
1021 1614 1028 1636 :

184 1718 226 1737 ¹⁴⁰
250 1722 285 1748 et
302 1716 381 1748 fieta
399 1717 483 1748 Ellis
495 1732 504 1748 .·
528 1723 563 1748 et
579 1718 649 1749 leta
666 1723 701 1749 Ω.
811 1718 851 1737 ¹⁴¹
878 1724 1017 1750 monent
1034 1720 1140 1758 Silliq.

184 1761 227 1779 ¹⁴³
251 1760 440 1791 escendunt
460 1760 597 1800 Heyne:
619 1760 787 1792 accedunt
805 1766 841 1792 Γ;
867 1761 1040 1794 excedunt
1063 1763 1158 1794 VCL.

184 1804 227 1822 ¹⁴⁹
252 1804 421 1844 liquorum
436 1804 570 1843 Haupt,
586 1804 662 1835 Leo.
729 1803 772 1823 ²⁵⁰
795 1814 931 1845 quaqua
944 1804 1073 1836 Barth:
1093 1816 1309 1847 quanquam.

185 1846 227 1865 ²⁵⁵
251 1845 370 1877 subter
387 1846 527 1886 Heyne:
550 1857 672 1888 super:
698 1856 801 1887 supra
819 1851 848 1878 Γ.

184 1889 227 1908 ¹⁶⁶
251 1888 444 1920 subsideret
468 1889 610 1920 Bembo:
633 1888 696 1920 sub
717 1889 859 1922 sideris:
886 1890 970 1922 Ellis
988 1891 1096 1922 thinks
1112 1903 1133 1922 α
1153 1902 1237 1923 verse
1254 1892 1314 1923 has

141 1933 213 1963 been
231 1932 298 1964 lost.

184 1974 226 1994 ¹⁶⁷
250 1974 424 2006 montibus
448 1975 541 2008 VrL.

143 2022 217 2056 382
