1399 2271
608 104 799 141 VIRGIL

170 194 233 231 Sic
253 193 397 230 deinde
418 192 556 229 effatus
575 191 775 228 frondenti
797 196 975 240 tempora
996 203 1102 227 ramo
1220 195 1290 228 135

122 253 293 302 implicat
314 258 354 289 et
373 254 613 301 geniumque
633 250 707 287 loci
728 253 972 299 primamque
992 249 1155 286 deorum

121 311 318 348 Tellurem
337 310 608 360 nymphasque
628 314 670 345 et
689 308 818 345 adhuc
838 311 973 357 ignota
992 313 1175 357 precatur

121 371 288 415 flumina,
307 374 393 406 tum
414 369 583 405 Noctem
604 368 820 417 Noctisque
839 369 1006 404 orientia
1025 369 1136 416 signa

122 428 362 477 Idaeumque
383 427 516 463 Iovem
536 426 826 476 Phrygiamque
846 439 894 463 ex
915 425 1051 463 ordine
1075 427 1245 463 Matrem

121 490 274 523 invocat
293 491 334 523 et
352 485 518 535 duplicis
538 484 724 534 caeloque
746 484 954 533 Ereboque
974 486 1158 533 parentis.
1220 488 1293 521 140

120 546 183 582 hic
201 550 314 595 pater
332 547 582 593 omnipotens
602 548 663 579 ter
683 542 791 579 caelo
811 542 936 579 clarus
956 544 1005 579 ab
1025 542 1105 579 alto

118 602 292 641 intonuit
311 603 506 652 radiisque
526 601 733 651 ardentem
753 601 850 638 lucis
871 606 913 638 et
931 614 1025 638 auro

119 666 201 712 ipse
220 675 338 698 manu
358 664 539 711 quatiens
559 660 735 697 ostendit
754 661 802 696 ab
822 660 984 696 aethere
1004 662 1161 698 nubem.

119 721 266 757 diditur
286 721 348 756 hic
368 720 498 757 subito
518 720 685 755 Troiana
704 732 775 768 per
794 721 950 768 agmina
970 732 1114 765 rumor,

118 780 321 817 advenisse
341 779 459 824 diem,
480 792 556 828 quo
576 778 710 815 debita
731 781 886 815 moenia
906 778 1088 815 condant.
1222 784 1291 816 145

118 841 299 876 certatim
318 841 540 875 instaurant
560 837 695 886 epulas
714 842 833 887 atque
853 839 984 874 omine
1004 850 1148 886 magno

118 903 286 935 crateras
305 897 401 934 laeti
420 901 601 933 statuunt
623 901 664 932 et
684 898 773 931 vina
792 901 990 933 coronant.

171 956 330 993 Postera
349 968 437 991 cum
458 957 582 1004 prima
600 954 793 990 lustrabat
813 954 994 1003 lampade
1014 960 1138 992 terras

117 1020 201 1052 orta
220 1014 316 1060 dies,
336 1015 474 1050 urbem
494 1018 536 1050 et
554 1013 640 1050 finis
661 1018 702 1050 et
720 1013 834 1050 litora
853 1017 985 1062 gentis

116 1073 258 1110 diversi
278 1072 496 1122 explorant,
516 1071 614 1108 haec
633 1071 754 1109 fontis
773 1077 914 1121 stagna
935 1073 1104 1119 Numici,
1218 1079 1291 1112 150

117 1131 221 1167 hunc
238 1130 428 1180 Thybrim
449 1130 620 1175 fluvium,
640 1129 704 1166 hic
724 1129 835 1167 fortis
855 1130 1034 1167 habitare
1055 1131 1226 1169 Latinos.

117 1196 200 1227 tum
220 1194 325 1227 satus
346 1188 519 1225 Anchisa
539 1188 715 1225 delectos
735 1188 872 1225 ordine
892 1189 940 1225 ab
961 1192 1067 1226 omni

115 1254 275 1286 centum
294 1252 467 1284 oratores
486 1253 651 1296 augusta
670 1247 719 1283 ad
739 1249 894 1284 moenia
913 1251 1016 1297 regis

115 1311 170 1344 ire
190 1307 313 1352 iubet,
332 1308 448 1343 ramis
468 1306 616 1343 velatos
639 1305 806 1342 Palladis
825 1309 964 1352 omnis,

114 1366 294 1415 donaque
314 1364 416 1401 ferre
437 1367 518 1400 viro
537 1377 753 1414 pacemque
774 1378 985 1414 exposcere
1005 1365 1176 1406 Teucris.
1216 1373 1287 1406 155

114 1423 217 1460 haud
237 1436 357 1469 mora,
377 1422 569 1459 festinant
588 1425 680 1459 iussi
700 1423 923 1473 rapidisque
944 1424 1125 1463 feruntur

113 1483 297 1531 passibus.
355 1484 438 1531 ipse
458 1481 596 1518 humili
617 1481 800 1530 designat
819 1485 974 1519 moenia
992 1482 1094 1520 fossa

113 1540 349 1590 moliturque
368 1540 496 1576 locum
517 1542 739 1590 primasque
760 1543 800 1576 in
820 1540 934 1577 litore
955 1542 1069 1579 sedes

113 1603 325 1634 castrorum
345 1600 386 1634 in
405 1610 554 1634 morem
574 1600 704 1647 pinnis
723 1603 843 1648 atque
863 1613 1009 1649 aggere
1030 1603 1163 1651 cingit.

112 1660 266 1706 iamque
286 1659 361 1693 iter
380 1659 529 1693 emensi
549 1659 664 1694 turris
684 1671 728 1694 ae
748 1663 855 1695 tecta
875 1658 1104 1697 Latinorum
1212 1660 1285 1699 160

111 1715 230 1751 ardua
248 1716 464 1751 cernebant
484 1717 645 1752 iuvenes
664 1729 853 1766 muroque
873 1718 1068 1756 subibant.

110 1778 203 1810 ante
223 1774 359 1810 urbem
380 1776 490 1822 pueri
511 1778 552 1810 et
571 1776 769 1822 primaevo
789 1775 880 1812 flore
899 1779 1083 1814 iuventus

111 1837 345 1869 exercentur
360 1835 469 1881 equis
489 1833 764 1883 domitantque
784 1836 824 1870 in
844 1834 1005 1883 pulvere
1027 1849 1160 1874 currus

110 1896 178 1927 aut
195 1893 293 1927 acris
313 1890 487 1927 tendunt
505 1904 615 1928 arcus
635 1897 703 1928 aut
723 1891 831 1928 lenta
851 1892 1007 1931 lacertis

237 1965 281 1985 ²⁴¹³
305 1976 441 1996 manum
459 1966 522 1996 Ml.
701 1967 743 1986 ¹⁶⁰
767 1970 802 1998 et
819 1968 903 2007 Mby.
956 1968 1070 2001 Latini
1088 1972 1151 2004 M&

237 2008 280 2028 ¹⁶³
303 2011 481 2039 exercetur
497 2009 568 2047 Pyl.

115 2056 159 2087 12
