<?xml version="1.0" encoding="UTF-8"?>
<!DOCTYPE html PUBLIC "-//W3C//DTD XHTML 1.0 Transitional//EN"
    "http://www.w3.org/TR/xhtml1/DTD/xhtml1-transitional.dtd">
<html xmlns="http://www.w3.org/1999/xhtml" xml:lang="en" lang="en">
 <head>
  <title>
</title>
<meta http-equiv="Content-Type" content="text/html;charset=utf-8" />
  <meta name='ocr-system' content='tesseract 3.04.00' />
  <meta name='ocr-capabilities' content='ocr_page ocr_carea ocr_par ocr_line ocrx_word'/>
</head>
<body>
  <div class='ocr_page' id='page_1' title='image "./virgilwithenglis02virg_0166.png"; bbox 0 0 1399 2271; ppageno 0'>
   <div class='ocr_carea' id='block_1_1' title="bbox 632 74 821 111">
    <p class='ocr_par' dir='ltr' id='par_1_1' title="bbox 632 74 821 111">
     <span class='ocr_line' id='line_1_1' title="bbox 632 74 821 111; baseline 0.005 -1"><span class='ocrx_word' id='word_1_1' title='bbox 632 74 821 111; x_wconf 86' lang='lat' dir='ltr'>VIRGIL</span> 
     </span>
    </p>
   </div>
   <div class='ocr_carea' id='block_1_2' title="bbox 139 161 1313 1652">
    <p class='ocr_par' dir='ltr' id='par_1_2' title="bbox 140 161 1136 212">
     <span class='ocr_line' id='line_1_2' title="bbox 140 161 1136 212; baseline 0.001 -15"><span class='ocrx_word' id='word_1_2' title='bbox 140 167 180 198; x_wconf 77' lang='lat' dir='ltr'>at</span> <span class='ocrx_word' id='word_1_3' title='bbox 200 164 353 210; x_wconf 84' lang='lat' dir='ltr'>patiens</span> <span class='ocrx_word' id='word_1_4' title='bbox 373 173 535 210; x_wconf 91' lang='lat' dir='ltr'>operum</span> <span class='ocrx_word' id='word_1_5' title='bbox 555 174 751 212; x_wconf 88' lang='lat' dir='ltr'>parvoque</span> <span class='ocrx_word' id='word_1_6' title='bbox 771 161 935 198; x_wconf 82' lang='lat' dir='ltr'>adsueta</span> <span class='ocrx_word' id='word_1_7' title='bbox 953 164 1136 198; x_wconf 89' lang='lat' dir='ltr'>iuventus</span> 
     </span>
    </p>

    <p class='ocr_par' dir='ltr' id='par_1_3' title="bbox 140 215 1221 265">
     <span class='ocr_line' id='line_1_3' title="bbox 140 215 1221 265; baseline 0 -15"><span class='ocrx_word' id='word_1_8' title='bbox 140 220 208 251; x_wconf 89' lang='lat' dir='ltr'>aut</span> <span class='ocrx_word' id='word_1_9' title='bbox 227 217 359 252; x_wconf 88' lang='lat' dir='ltr'>rastris</span> <span class='ocrx_word' id='word_1_10' title='bbox 378 220 522 252; x_wconf 84' lang='lat' dir='ltr'>terram</span> <span class='ocrx_word' id='word_1_11' title='bbox 544 215 679 252; x_wconf 84' lang='lat' dir='ltr'>domat</span> <span class='ocrx_word' id='word_1_12' title='bbox 697 220 766 252; x_wconf 82' lang='lat' dir='ltr'>aut</span> <span class='ocrx_word' id='word_1_13' title='bbox 784 217 914 265; x_wconf 87' lang='lat' dir='ltr'>quatit</span> <span class='ocrx_word' id='word_1_14' title='bbox 931 215 1075 264; x_wconf 88' lang='lat' dir='ltr'>oppida</span> <span class='ocrx_word' id='word_1_15' title='bbox 1094 215 1221 258; x_wconf 89' lang='lat' dir='ltr'>bello;</span> 
     </span>
    </p>

    <p class='ocr_par' dir='ltr' id='par_1_4' title="bbox 140 268 1136 318">
     <span class='ocr_line' id='line_1_4' title="bbox 140 268 1136 318; baseline 0.001 -14"><span class='ocrx_word' id='word_1_16' title='bbox 140 281 256 305; x_wconf 90' lang='lat' dir='ltr'>omne</span> <span class='ocrx_word' id='word_1_17' title='bbox 276 281 415 305; x_wconf 85' lang='lat' dir='ltr'>aevum</span> <span class='ocrx_word' id='word_1_18' title='bbox 435 268 538 305; x_wconf 90' lang='lat' dir='ltr'>ferro</span> <span class='ocrx_word' id='word_1_19' title='bbox 557 271 700 305; x_wconf 83' lang='lat' dir='ltr'>teritur</span> <span class='ocrx_word' id='word_1_20' title='bbox 720 281 907 318; x_wconf 78' lang='lat' dir='ltr'>versaque</span> <span class='ocrx_word' id='word_1_21' title='bbox 927 271 1136 306; x_wconf 86' lang='lat' dir='ltr'>iuvencum</span> 
     </span>
    </p>

    <p class='ocr_par' dir='ltr' id='par_1_5' title="bbox 140 320 1311 371">
     <span class='ocr_line' id='line_1_5' title="bbox 140 320 1311 371; baseline -0.001 -13"><span class='ocrx_word' id='word_1_22' title='bbox 140 327 251 371; x_wconf 78' lang='lat' dir='ltr'>terga</span> <span class='ocrx_word' id='word_1_23' title='bbox 270 321 481 371; x_wconf 73' lang='lat' dir='ltr'>fatigamus</span> <span class='ocrx_word' id='word_1_24' title='bbox 501 321 624 367; x_wconf 82' lang='lat' dir='ltr'>hasta,</span> <span class='ocrx_word' id='word_1_25' title='bbox 645 335 718 359; x_wconf 87' lang='lat' dir='ltr'>nec</span> <span class='ocrx_word' id='word_1_26' title='bbox 738 322 850 359; x_wconf 83' lang='lat' dir='ltr'>tarda</span> <span class='ocrx_word' id='word_1_27' title='bbox 869 327 1053 359; x_wconf 87' lang='lat' dir='ltr'>senectus</span> <span class='ocrx_word' id='word_1_28' title='bbox 1235 320 1311 358; x_wconf 86' lang='lat'>610</span> 
     </span>
    </p>

    <p class='ocr_par' dir='ltr' id='par_1_6' title="bbox 140 375 1014 425">
     <span class='ocr_line' id='line_1_6' title="bbox 140 375 1014 425; baseline 0 -14"><span class='ocrx_word' id='word_1_29' title='bbox 140 375 324 412; x_wconf 88' lang='lat' dir='ltr'>debilitat</span> <span class='ocrx_word' id='word_1_30' title='bbox 342 378 432 412; x_wconf 85' lang='lat' dir='ltr'>viris</span> <span class='ocrx_word' id='word_1_31' title='bbox 452 378 571 411; x_wconf 88' lang='lat' dir='ltr'>animi</span> <span class='ocrx_word' id='word_1_32' title='bbox 590 381 797 425; x_wconf 85' lang='lat' dir='ltr'>mutatque</span> <span class='ocrx_word' id='word_1_33' title='bbox 818 378 1014 424; x_wconf 86' lang='lat' dir='ltr'>vigorem:</span> 
     </span>
    </p>

    <p class='ocr_par' dir='ltr' id='par_1_7' title="bbox 141 429 1144 479">
     <span class='ocr_line' id='line_1_7' title="bbox 141 429 1144 479; baseline 0 -14"><span class='ocrx_word' id='word_1_34' title='bbox 141 431 325 466; x_wconf 84' lang='lat' dir='ltr'>canitiem</span> <span class='ocrx_word' id='word_1_35' title='bbox 345 429 458 478; x_wconf 83' lang='lat' dir='ltr'><strong>galea</strong></span> <span class='ocrx_word' id='word_1_36' title='bbox 477 431 704 478; x_wconf 80' lang='lat' dir='ltr'><strong>premimus,</strong></span> <span class='ocrx_word' id='word_1_37' title='bbox 722 442 956 479; x_wconf 87' lang='lat' dir='ltr'>semperque</span> <span class='ocrx_word' id='word_1_38' title='bbox 973 431 1144 465; x_wconf 88' lang='lat' dir='ltr'>recentis</span> 
     </span>
    </p>

    <p class='ocr_par' dir='ltr' id='par_1_8' title="bbox 140 482 1046 532">
     <span class='ocr_line' id='line_1_8' title="bbox 140 482 1046 532; baseline -0.001 -13"><span class='ocrx_word' id='word_1_39' title='bbox 140 488 383 532; x_wconf 80' lang='lat' dir='ltr'>comportare</span> <span class='ocrx_word' id='word_1_40' title='bbox 402 485 510 519; x_wconf 84' lang='lat' dir='ltr'>iuvat</span> <span class='ocrx_word' id='word_1_41' title='bbox 529 482 692 531; x_wconf 79' lang='lat' dir='ltr'>praedas</span> <span class='ocrx_word' id='word_1_42' title='bbox 712 488 754 519; x_wconf 87' lang='lat' dir='ltr'>et</span> <span class='ocrx_word' id='word_1_43' title='bbox 774 486 903 519; x_wconf 89' lang='lat' dir='ltr'>vivere</span> <span class='ocrx_word' id='word_1_44' title='bbox 923 487 1046 531; x_wconf 85' lang='lat' dir='ltr'>rapto.</span> 
     </span>
    </p>

    <p class='ocr_par' dir='ltr' id='par_1_9' title="bbox 141 536 1075 585">
     <span class='ocr_line' id='line_1_9' title="bbox 141 536 1075 585; baseline 0.001 -14"><span class='ocrx_word' id='word_1_45' title='bbox 141 537 246 572; x_wconf 88' lang='lat' dir='ltr'>vobis</span> <span class='ocrx_word' id='word_1_46' title='bbox 266 539 371 585; x_wconf 86' lang='lat' dir='ltr'>picta</span> <span class='ocrx_word' id='word_1_47' title='bbox 391 549 502 572; x_wconf 87' lang='lat' dir='ltr'>croco</span> <span class='ocrx_word' id='word_1_48' title='bbox 523 541 564 572; x_wconf 85' lang='lat' dir='ltr'>et</span> <span class='ocrx_word' id='word_1_49' title='bbox 583 536 754 585; x_wconf 77' lang='lat' dir='ltr'><strong>fulgenti</strong></span> <span class='ocrx_word' id='word_1_50' title='bbox 774 539 922 572; x_wconf 90' lang='lat' dir='ltr'>murice</span> <span class='ocrx_word' id='word_1_51' title='bbox 943 538 1075 581; x_wconf 84' lang='lat' dir='ltr'>vestis,</span> 
     </span>
    </p>

    <p class='ocr_par' dir='ltr' id='par_1_10' title="bbox 140 587 1310 638">
     <span class='ocr_line' id='line_1_10' title="bbox 140 587 1310 638; baseline 0 -12"><span class='ocrx_word' id='word_1_52' title='bbox 140 589 313 626; x_wconf 78' lang='lat' dir='ltr'>desidiae</span> <span class='ocrx_word' id='word_1_53' title='bbox 333 589 452 634; x_wconf 90' lang='lat' dir='ltr'>cordi,</span> <span class='ocrx_word' id='word_1_54' title='bbox 473 592 580 626; x_wconf 88' lang='lat' dir='ltr'>iuvat</span> <span class='ocrx_word' id='word_1_55' title='bbox 598 589 806 638; x_wconf 82' lang='lat' dir='ltr'>indulgere</span> <span class='ocrx_word' id='word_1_56' title='bbox 823 589 986 634; x_wconf 85' lang='lat' dir='ltr'>choreis,</span> <span class='ocrx_word' id='word_1_57' title='bbox 1235 587 1310 626; x_wconf 89' lang='lat'>615</span> 
     </span>
    </p>

    <p class='ocr_par' dir='ltr' id='par_1_11' title="bbox 140 642 1194 680">
     <span class='ocr_line' id='line_1_11' title="bbox 140 642 1194 680; baseline -0.002 0"><span class='ocrx_word' id='word_1_58' title='bbox 140 649 181 680; x_wconf 89' lang='lat' dir='ltr'>et</span> <span class='ocrx_word' id='word_1_59' title='bbox 199 646 357 680; x_wconf 83' lang='lat' dir='ltr'>tunicae</span> <span class='ocrx_word' id='word_1_60' title='bbox 376 645 547 679; x_wconf 82' lang='lat' dir='ltr'>manicas</span> <span class='ocrx_word' id='word_1_61' title='bbox 568 648 609 679; x_wconf 88' lang='lat' dir='ltr'>et</span> <span class='ocrx_word' id='word_1_62' title='bbox 627 643 777 680; x_wconf 87' lang='lat' dir='ltr'>habent</span> <span class='ocrx_word' id='word_1_63' title='bbox 796 642 1026 679; x_wconf 84' lang='lat' dir='ltr'>redimicula</span> <span class='ocrx_word' id='word_1_64' title='bbox 1045 644 1194 679; x_wconf 86' lang='lat' dir='ltr'>mitrae.</span> 
     </span>
    </p>

    <p class='ocr_par' dir='ltr' id='par_1_12' title="bbox 140 696 1206 746">
     <span class='ocr_line' id='line_1_12' title="bbox 140 696 1206 746; baseline 0 -14"><span class='ocrx_word' id='word_1_65' title='bbox 140 710 161 732; x_wconf 94' lang='lat' dir='ltr'>o</span> <span class='ocrx_word' id='word_1_66' title='bbox 177 709 267 733; x_wconf 89' lang='lat' dir='ltr'>vere</span> <span class='ocrx_word' id='word_1_67' title='bbox 286 696 490 746; x_wconf 77' lang='lat' dir='ltr'>Phrygiae,</span> <span class='ocrx_word' id='word_1_68' title='bbox 502 709 632 745; x_wconf 85' lang='lat' dir='ltr'>neque</span> <span class='ocrx_word' id='word_1_69' title='bbox 648 699 753 732; x_wconf 90' lang='lat' dir='ltr'>enim</span> <span class='ocrx_word' id='word_1_70' title='bbox 772 696 960 745; x_wconf 78' lang='lat' dir='ltr'>Phryges,</span> <span class='ocrx_word' id='word_1_71' title='bbox 972 698 1028 732; x_wconf 90' lang='lat' dir='ltr'>ite</span> <span class='ocrx_word' id='word_1_72' title='bbox 1043 708 1113 744; x_wconf 90' lang='lat' dir='ltr'>per</span> <span class='ocrx_word' id='word_1_73' title='bbox 1127 696 1206 732; x_wconf 83' lang='lat' dir='ltr'>alta</span> 
     </span>
    </p>

    <p class='ocr_par' dir='ltr' id='par_1_13' title="bbox 142 749 1206 799">
     <span class='ocr_line' id='line_1_13' title="bbox 142 749 1206 799; baseline 0 -14"><span class='ocrx_word' id='word_1_74' title='bbox 142 750 352 799; x_wconf 82' lang='lat' dir='ltr'>Dindyma,</span> <span class='ocrx_word' id='word_1_75' title='bbox 372 750 437 785; x_wconf 90' lang='lat' dir='ltr'>ubi</span> <span class='ocrx_word' id='word_1_76' title='bbox 457 749 631 786; x_wconf 85' lang='lat' dir='ltr'>adsuetis</span> <span class='ocrx_word' id='word_1_77' title='bbox 648 749 815 786; x_wconf 83' lang='lat' dir='ltr'>biforem</span> <span class='ocrx_word' id='word_1_78' title='bbox 831 749 899 786; x_wconf 82' lang='lat' dir='ltr'>dat</span> <span class='ocrx_word' id='word_1_79' title='bbox 913 750 1009 786; x_wconf 85' lang='lat' dir='ltr'>tibia</span> <span class='ocrx_word' id='word_1_80' title='bbox 1024 751 1183 786; x_wconf 86' lang='lat' dir='ltr'>cantum</span> <span class='ocrx_word' id='word_1_81' title='bbox 1197 762 1206 793; x_wconf 92' lang='lat'>;</span> 
     </span>
    </p>

    <p class='ocr_par' dir='ltr' id='par_1_14' title="bbox 141 803 1176 853">
     <span class='ocr_line' id='line_1_14' title="bbox 141 803 1176 853; baseline -0.001 -13"><span class='ocrx_word' id='word_1_82' title='bbox 141 809 327 853; x_wconf 85' lang='lat' dir='ltr'>tympana</span> <span class='ocrx_word' id='word_1_83' title='bbox 345 816 412 839; x_wconf 92' lang='lat' dir='ltr'>vos</span> <span class='ocrx_word' id='word_1_84' title='bbox 432 803 636 853; x_wconf 88' lang='lat' dir='ltr'>buxusque</span> <span class='ocrx_word' id='word_1_85' title='bbox 656 808 769 840; x_wconf 81' lang='lat' dir='ltr'>vocat</span> <span class='ocrx_word' id='word_1_86' title='bbox 789 803 1025 852; x_wconf 82' lang='lat' dir='ltr'>Berecyntia</span> <span class='ocrx_word' id='word_1_87' title='bbox 1042 806 1176 839; x_wconf 80' lang='lat' dir='ltr'>matris</span> 
     </span>
    </p>

    <p class='ocr_par' dir='ltr' id='par_1_15' title="bbox 144 855 1311 946">
     <span class='ocr_line' id='line_1_15' title="bbox 144 855 1311 894; baseline 0.001 -2"><span class='ocrx_word' id='word_1_88' title='bbox 144 857 283 893; x_wconf 82' lang='lat' dir='ltr'>Idaeae</span> <span class='ocrx_word' id='word_1_89' title='bbox 299 871 306 894; x_wconf 71' lang='grc' dir='ltr'>ε</span> <span class='ocrx_word' id='word_1_90' title='bbox 335 859 453 893; x_wconf 82' lang='lat' dir='ltr'>sinite</span> <span class='ocrx_word' id='word_1_91' title='bbox 472 869 579 892; x_wconf 85' lang='lat' dir='ltr'>arma</span> <span class='ocrx_word' id='word_1_92' title='bbox 598 858 687 893; x_wconf 90' lang='lat' dir='ltr'>viris</span> <span class='ocrx_word' id='word_1_93' title='bbox 708 861 750 893; x_wconf 89' lang='lat' dir='ltr'>et</span> <span class='ocrx_word' id='word_1_94' title='bbox 768 856 899 892; x_wconf 83' lang='lat' dir='ltr'>cedite</span> <span class='ocrx_word' id='word_1_95' title='bbox 920 856 1061 892; x_wconf 86' lang='lat' dir='ltr'>ferro.&#39;&#39;</span> <span class='ocrx_word' id='word_1_96' title='bbox 1235 855 1311 893; x_wconf 73' lang='grc'>620</span> 
     </span>
     <span class='ocr_line' id='line_1_16' title="bbox 192 909 1066 946; baseline 0 0"><span class='ocrx_word' id='word_1_97' title='bbox 192 910 302 946; x_wconf 87' lang='lat' dir='ltr'>Talia</span> <span class='ocrx_word' id='word_1_98' title='bbox 319 912 534 946; x_wconf 79' lang='lat' dir='ltr'>iactantem</span> <span class='ocrx_word' id='word_1_99' title='bbox 554 909 669 946; x_wconf 86' lang='lat' dir='ltr'>dictis</span> <span class='ocrx_word' id='word_1_100' title='bbox 689 922 733 945; x_wconf 89' lang='lat' dir='ltr'>ac</span> <span class='ocrx_word' id='word_1_101' title='bbox 753 910 836 945; x_wconf 84' lang='lat' dir='ltr'>dira</span> <span class='ocrx_word' id='word_1_102' title='bbox 856 914 1066 946; x_wconf 79' lang='lat' dir='ltr'>canentem</span> 
     </span>
    </p>

    <p class='ocr_par' dir='ltr' id='par_1_16' title="bbox 141 963 1142 1012">
     <span class='ocr_line' id='line_1_17' title="bbox 141 963 1142 1012; baseline 0 -13"><span class='ocrx_word' id='word_1_103' title='bbox 141 976 218 999; x_wconf 89' lang='lat' dir='ltr'>non</span> <span class='ocrx_word' id='word_1_104' title='bbox 238 963 332 1000; x_wconf 89' lang='lat' dir='ltr'>tulit</span> <span class='ocrx_word' id='word_1_105' title='bbox 351 963 554 1008; x_wconf 87' lang='lat' dir='ltr'>Ascanius,</span> <span class='ocrx_word' id='word_1_106' title='bbox 575 975 774 1012; x_wconf 87' lang='lat' dir='ltr'>nervoque</span> <span class='ocrx_word' id='word_1_107' title='bbox 793 964 979 999; x_wconf 85' lang='lat' dir='ltr'>obversus</span> <span class='ocrx_word' id='word_1_108' title='bbox 998 965 1142 1012; x_wconf 90' lang='lat' dir='ltr'>equino</span> 
     </span>
    </p>

    <p class='ocr_par' dir='ltr' id='par_1_17' title="bbox 142 1016 1111 1066">
     <span class='ocr_line' id='line_1_18' title="bbox 142 1016 1111 1066; baseline 0 -13"><span class='ocrx_word' id='word_1_109' title='bbox 142 1016 348 1053; x_wconf 79' lang='lat' dir='ltr'>contendit</span> <span class='ocrx_word' id='word_1_110' title='bbox 366 1016 492 1053; x_wconf 88' lang='lat' dir='ltr'>telum</span> <span class='ocrx_word' id='word_1_111' title='bbox 512 1016 742 1066; x_wconf 85' lang='lat' dir='ltr'>diversaque</span> <span class='ocrx_word' id='word_1_112' title='bbox 762 1016 943 1053; x_wconf 81' lang='lat' dir='ltr'>bracchia</span> <span class='ocrx_word' id='word_1_113' title='bbox 962 1016 1111 1053; x_wconf 90' lang='lat' dir='ltr'>ducens</span> 
     </span>
    </p>

    <p class='ocr_par' dir='ltr' id='par_1_18' title="bbox 141 1069 1207 1119">
     <span class='ocr_line' id='line_1_19' title="bbox 141 1069 1207 1119; baseline 0 -13"><span class='ocrx_word' id='word_1_114' title='bbox 141 1073 332 1116; x_wconf 86' lang='lat' dir='ltr'>constitit,</span> <span class='ocrx_word' id='word_1_115' title='bbox 350 1075 443 1106; x_wconf 89' lang='lat' dir='ltr'>ante</span> <span class='ocrx_word' id='word_1_116' title='bbox 465 1070 599 1106; x_wconf 82' lang='lat' dir='ltr'>Iovem</span> <span class='ocrx_word' id='word_1_117' title='bbox 619 1069 785 1119; x_wconf 81' lang='lat' dir='ltr'>supplex</span> <span class='ocrx_word' id='word_1_118' title='bbox 804 1082 875 1118; x_wconf 89' lang='lat' dir='ltr'>per</span> <span class='ocrx_word' id='word_1_119' title='bbox 894 1074 984 1106; x_wconf 89' lang='lat' dir='ltr'>vota</span> <span class='ocrx_word' id='word_1_120' title='bbox 1002 1075 1183 1119; x_wconf 84' lang='lat' dir='ltr'>precatus</span> <span class='ocrx_word' id='word_1_121' title='bbox 1200 1084 1207 1107; x_wconf 78' lang='lat' dir='ltr'><strong><em>z</em></strong></span> 
     </span>
    </p>

    <p class='ocr_par' dir='ltr' id='par_1_19' title="bbox 142 1122 1311 1172">
     <span class='ocr_line' id='line_1_20' title="bbox 142 1122 1311 1172; baseline 0 -12"><span class='ocrx_word' id='word_1_122' title='bbox 142 1128 164 1144; x_wconf 88' lang='lat'><em>“</em></span> <span class='ocrx_word' id='word_1_123' title='bbox 178 1123 357 1172; x_wconf 90' lang='lat' dir='ltr'>Iuppiter</span> <span class='ocrx_word' id='word_1_124' title='bbox 375 1125 638 1172; x_wconf 83' lang='lat' dir='ltr'>omnipotens,</span> <span class='ocrx_word' id='word_1_125' title='bbox 653 1123 865 1159; x_wconf 84' lang='lat' dir='ltr'>audacibus</span> <span class='ocrx_word' id='word_1_126' title='bbox 885 1123 1014 1159; x_wconf 84' lang='lat' dir='ltr'>adnue</span> <span class='ocrx_word' id='word_1_127' title='bbox 1034 1127 1194 1172; x_wconf 87' lang='lat' dir='ltr'>coeptis.</span> <span class='ocrx_word' id='word_1_128' title='bbox 1237 1122 1311 1160; x_wconf 78' lang='lat'>625</span> 
     </span>
    </p>

    <p class='ocr_par' dir='ltr' id='par_1_20' title="bbox 140 1176 1129 1226">
     <span class='ocr_line' id='line_1_21' title="bbox 140 1176 1129 1226; baseline 0 -14"><span class='ocrx_word' id='word_1_129' title='bbox 140 1180 222 1226; x_wconf 89' lang='lat' dir='ltr'>ipse</span> <span class='ocrx_word' id='word_1_130' title='bbox 244 1177 316 1213; x_wconf 89' lang='lat' dir='ltr'>tibi</span> <span class='ocrx_word' id='word_1_131' title='bbox 335 1176 384 1213; x_wconf 88' lang='lat' dir='ltr'>ad</span> <span class='ocrx_word' id='word_1_132' title='bbox 404 1181 472 1213; x_wconf 84' lang='lat' dir='ltr'>tua</span> <span class='ocrx_word' id='word_1_133' title='bbox 491 1176 640 1226; x_wconf 73' lang='lat' dir='ltr'>templa</span> <span class='ocrx_word' id='word_1_134' title='bbox 660 1176 783 1213; x_wconf 86' lang='lat' dir='ltr'>feram</span> <span class='ocrx_word' id='word_1_135' title='bbox 803 1176 1007 1212; x_wconf 86' lang='lat' dir='ltr'>sollemnia</span> <span class='ocrx_word' id='word_1_136' title='bbox 1027 1177 1129 1212; x_wconf 86' lang='lat' dir='ltr'>dona</span> 
     </span>
    </p>

    <p class='ocr_par' dir='ltr' id='par_1_21' title="bbox 141 1229 1133 1275">
     <span class='ocr_line' id='line_1_22' title="bbox 141 1229 1133 1275; baseline -0.001 -8"><span class='ocrx_word' id='word_1_137' title='bbox 141 1236 182 1267; x_wconf 86' lang='lat' dir='ltr'>et</span> <span class='ocrx_word' id='word_1_138' title='bbox 201 1236 372 1267; x_wconf 88' lang='lat' dir='ltr'>statuam</span> <span class='ocrx_word' id='word_1_139' title='bbox 392 1236 485 1267; x_wconf 87' lang='lat' dir='ltr'>ante</span> <span class='ocrx_word' id='word_1_140' title='bbox 505 1242 589 1266; x_wconf 87' lang='lat' dir='ltr'>aras</span> <span class='ocrx_word' id='word_1_141' title='bbox 608 1235 743 1266; x_wconf 85' lang='lat' dir='ltr'>aurata</span> <span class='ocrx_word' id='word_1_142' title='bbox 762 1229 892 1266; x_wconf 86' lang='lat' dir='ltr'>fronte</span> <span class='ocrx_word' id='word_1_143' title='bbox 912 1232 1133 1275; x_wconf 87' lang='lat' dir='ltr'>iuvencum,</span> 
     </span>
    </p>

    <p class='ocr_par' dir='ltr' id='par_1_22' title="bbox 140 1283 1207 1332">
     <span class='ocr_line' id='line_1_23' title="bbox 140 1283 1207 1332; baseline -0.001 -12"><span class='ocrx_word' id='word_1_144' title='bbox 140 1284 377 1320; x_wconf 84' lang='lat' dir='ltr'>candentem</span> <span class='ocrx_word' id='word_1_145' title='bbox 390 1286 614 1332; x_wconf 81' lang='lat' dir='ltr'>pariterque</span> <span class='ocrx_word' id='word_1_146' title='bbox 627 1288 746 1332; x_wconf 84' lang='lat' dir='ltr'>caput</span> <span class='ocrx_word' id='word_1_147' title='bbox 759 1296 847 1319; x_wconf 86' lang='lat' dir='ltr'>cum</span> <span class='ocrx_word' id='word_1_148' title='bbox 860 1288 985 1320; x_wconf 89' lang='lat' dir='ltr'>matre</span> <span class='ocrx_word' id='word_1_149' title='bbox 998 1283 1207 1329; x_wconf 83' lang='lat' dir='ltr'>ferentem,</span> 
     </span>
    </p>

    <p class='ocr_par' dir='ltr' id='par_1_23' title="bbox 140 1336 1206 1386">
     <span class='ocr_line' id='line_1_24' title="bbox 140 1336 1206 1386; baseline 0.001 -13"><span class='ocrx_word' id='word_1_150' title='bbox 140 1341 216 1374; x_wconf 84' lang='lat' dir='ltr'>iam</span> <span class='ocrx_word' id='word_1_151' title='bbox 229 1350 347 1373; x_wconf 91' lang='lat' dir='ltr'>cornu</span> <span class='ocrx_word' id='word_1_152' title='bbox 361 1342 474 1385; x_wconf 82' lang='lat' dir='ltr'>petat</span> <span class='ocrx_word' id='word_1_153' title='bbox 489 1341 531 1373; x_wconf 84' lang='lat' dir='ltr'>et</span> <span class='ocrx_word' id='word_1_154' title='bbox 545 1336 711 1385; x_wconf 92' lang='lat' dir='ltr'>pedibus</span> <span class='ocrx_word' id='word_1_155' title='bbox 727 1339 792 1386; x_wconf 86' lang='lat' dir='ltr'>qui</span> <span class='ocrx_word' id='word_1_156' title='bbox 808 1342 967 1385; x_wconf 77' lang='lat' dir='ltr'>spargat</span> <span class='ocrx_word' id='word_1_157' title='bbox 980 1336 1206 1374; x_wconf 83' lang='lat' dir='ltr'>harenam.&#39;&#39;</span> 
     </span>
    </p>

    <p class='ocr_par' dir='ltr' id='par_1_24' title="bbox 139 1389 1313 1439">
     <span class='ocr_line' id='line_1_25' title="bbox 139 1389 1313 1439; baseline 0.001 -12"><span class='ocrx_word' id='word_1_158' title='bbox 139 1391 265 1427; x_wconf 85' lang='lat' dir='ltr'>audiit</span> <span class='ocrx_word' id='word_1_159' title='bbox 284 1396 325 1427; x_wconf 92' lang='lat' dir='ltr'>et</span> <span class='ocrx_word' id='word_1_160' title='bbox 344 1390 441 1426; x_wconf 85' lang='lat' dir='ltr'>caeli</span> <span class='ocrx_word' id='word_1_161' title='bbox 461 1393 619 1439; x_wconf 83' lang='lat' dir='ltr'>genitor</span> <span class='ocrx_word' id='word_1_162' title='bbox 637 1389 688 1426; x_wconf 90' lang='lat' dir='ltr'>de</span> <span class='ocrx_word' id='word_1_163' title='bbox 708 1395 819 1439; x_wconf 83' lang='lat' dir='ltr'>parte</span> <span class='ocrx_word' id='word_1_164' title='bbox 839 1402 978 1426; x_wconf 86' lang='lat' dir='ltr'>serena</span> <span class='ocrx_word' id='word_1_165' title='bbox 1237 1389 1313 1428; x_wconf 81' lang='lat'>630</span> 
     </span>
    </p>

    <p class='ocr_par' dir='ltr' id='par_1_25' title="bbox 140 1443 1021 1488">
     <span class='ocr_line' id='line_1_26' title="bbox 140 1443 1021 1488; baseline -0.001 -8"><span class='ocrx_word' id='word_1_166' title='bbox 140 1446 314 1480; x_wconf 81' lang='lat' dir='ltr'>intonuit</span> <span class='ocrx_word' id='word_1_167' title='bbox 331 1443 498 1488; x_wconf 84' lang='lat' dir='ltr'>laevum,</span> <span class='ocrx_word' id='word_1_168' title='bbox 519 1448 633 1479; x_wconf 81' lang='lat' dir='ltr'>sonat</span> <span class='ocrx_word' id='word_1_169' title='bbox 651 1456 730 1479; x_wconf 87' lang='lat' dir='ltr'>una</span> <span class='ocrx_word' id='word_1_170' title='bbox 748 1443 881 1479; x_wconf 87' lang='lat' dir='ltr'>fatifer</span> <span class='ocrx_word' id='word_1_171' title='bbox 899 1456 1021 1479; x_wconf 87' lang='lat' dir='ltr'>arcus.</span> 
     </span>
    </p>

    <p class='ocr_par' dir='ltr' id='par_1_26' title="bbox 141 1496 1082 1546">
     <span class='ocr_line' id='line_1_27' title="bbox 141 1496 1082 1546; baseline -0.002 -12"><span class='ocrx_word' id='word_1_172' title='bbox 141 1497 278 1546; x_wconf 83' lang='lat' dir='ltr'>effugit</span> <span class='ocrx_word' id='word_1_173' title='bbox 298 1496 537 1533; x_wconf 86' lang='lat' dir='ltr'>horrendum</span> <span class='ocrx_word' id='word_1_174' title='bbox 557 1496 728 1533; x_wconf 87' lang='lat' dir='ltr'>stridens</span> <span class='ocrx_word' id='word_1_175' title='bbox 747 1496 918 1533; x_wconf 82' lang='lat' dir='ltr'>adducta</span> <span class='ocrx_word' id='word_1_176' title='bbox 938 1499 1082 1545; x_wconf 85' lang='lat' dir='ltr'>sagitta</span> 
     </span>
    </p>

    <p class='ocr_par' dir='ltr' id='par_1_27' title="bbox 140 1549 1208 1600">
     <span class='ocr_line' id='line_1_28' title="bbox 140 1549 1208 1600; baseline 0 -13"><span class='ocrx_word' id='word_1_177' title='bbox 140 1564 288 1600; x_wconf 89' lang='lat' dir='ltr'>perque</span> <span class='ocrx_word' id='word_1_178' title='bbox 308 1555 426 1599; x_wconf 86' lang='lat' dir='ltr'>caput</span> <span class='ocrx_word' id='word_1_179' title='bbox 449 1550 602 1586; x_wconf 86' lang='lat' dir='ltr'>Remuli</span> <span class='ocrx_word' id='word_1_180' title='bbox 622 1553 733 1586; x_wconf 84' lang='lat' dir='ltr'>venit</span> <span class='ocrx_word' id='word_1_181' title='bbox 748 1555 789 1586; x_wconf 88' lang='lat' dir='ltr'>et</span> <span class='ocrx_word' id='word_1_182' title='bbox 804 1563 896 1586; x_wconf 89' lang='lat' dir='ltr'>cava</span> <span class='ocrx_word' id='word_1_183' title='bbox 911 1555 1090 1599; x_wconf 87' lang='lat' dir='ltr'>tempora</span> <span class='ocrx_word' id='word_1_184' title='bbox 1105 1549 1208 1587; x_wconf 88' lang='lat' dir='ltr'>ferro</span> 
     </span>
    </p>

    <p class='ocr_par' dir='ltr' id='par_1_28' title="bbox 140 1603 1133 1652">
     <span class='ocr_line' id='line_1_29' title="bbox 140 1603 1133 1652; baseline 0.001 -13"><span class='ocrx_word' id='word_1_185' title='bbox 140 1607 279 1641; x_wconf 84' lang='lat' dir='ltr'>traicit.</span> <span class='ocrx_word' id='word_1_186' title='bbox 339 1608 363 1625; x_wconf 83' lang='lat'><strong>“</strong></span> <span class='ocrx_word' id='word_1_187' title='bbox 374 1606 399 1649; x_wconf 93' lang='lat' dir='ltr'>i,</span> <span class='ocrx_word' id='word_1_188' title='bbox 419 1604 548 1640; x_wconf 88' lang='lat' dir='ltr'>verbis</span> <span class='ocrx_word' id='word_1_189' title='bbox 568 1606 756 1640; x_wconf 90' lang='lat' dir='ltr'>virtutem</span> <span class='ocrx_word' id='word_1_190' title='bbox 776 1603 912 1640; x_wconf 88' lang='lat' dir='ltr'>inlude</span> <span class='ocrx_word' id='word_1_191' title='bbox 934 1605 1133 1652; x_wconf 85' lang='lat' dir='ltr'>superbis!</span> 
     </span>
    </p>
   </div>
   <div class='ocr_carea' id='block_1_3' title="bbox 181 1687 1308 1816">
    <p class='ocr_par' dir='ltr' id='par_1_29' title="bbox 181 1687 1308 1816">
     <span class='ocr_line' id='line_1_30' title="bbox 182 1687 1307 1732; baseline 0.004 -13"><span class='ocrx_word' id='word_1_192' title='bbox 182 1689 226 1708; x_wconf 79' lang='lat'>⁶¹⁰</span> <span class='ocrx_word' id='word_1_193' title='bbox 250 1688 364 1728; x_wconf 78' lang='lat' dir='ltr'>tarda]</span> <span class='ocrx_word' id='word_1_194' title='bbox 381 1699 455 1720; x_wconf 77' lang='lat' dir='ltr'>sera</span> <span class='ocrx_word' id='word_1_195' title='bbox 471 1687 615 1720; x_wconf 72' lang='lat' dir='ltr'>Serm&#39;ws.</span> <span class='ocrx_word' id='word_1_196' title='bbox 681 1688 724 1707; x_wconf 76' lang='lat'>⁶²³</span> <span class='ocrx_word' id='word_1_197' title='bbox 748 1687 899 1719; x_wconf 80' lang='lat' dir='ltr'>intendit</span> <span class='ocrx_word' id='word_1_198' title='bbox 916 1689 976 1728; x_wconf 62' lang='lat' dir='ltr'>Py.</span> <span class='ocrx_word' id='word_1_199' title='bbox 1048 1688 1093 1709; x_wconf 75' lang='lat'>⁶³¹</span> <span class='ocrx_word' id='word_1_200' title='bbox 1116 1689 1231 1722; x_wconf 78' lang='lat' dir='ltr'>letifer</span> <span class='ocrx_word' id='word_1_201' title='bbox 1247 1692 1307 1732; x_wconf 59' lang='lat' dir='ltr'>Py.</span> 
     </span>
     <span class='ocr_line' id='line_1_31' title="bbox 182 1730 1084 1772; baseline 0.001 -9"><span class='ocrx_word' id='word_1_202' title='bbox 182 1732 226 1751; x_wconf 72' lang='lat'>⁶³²²</span> <span class='ocrx_word' id='word_1_203' title='bbox 249 1736 284 1763; x_wconf 67' lang='lat' dir='ltr'>et</span> <span class='ocrx_word' id='word_1_204' title='bbox 300 1732 392 1772; x_wconf 68' lang='lat' dir='ltr'>fugit</span> <span class='ocrx_word' id='word_1_205' title='bbox 407 1732 476 1769; x_wconf 75' lang='lat' dir='ltr'>PR,</span> <span class='ocrx_word' id='word_1_206' title='bbox 495 1730 641 1763; x_wconf 80' lang='lat' dir='ltr'>Servius.</span> <span class='ocrx_word' id='word_1_207' title='bbox 687 1730 852 1770; x_wconf 76' lang='lat' dir='ltr'>adducta]</span> <span class='ocrx_word' id='word_1_208' title='bbox 868 1731 1008 1772; x_wconf 79' lang='lat' dir='ltr'>adlapsa</span> <span class='ocrx_word' id='word_1_209' title='bbox 1024 1732 1084 1772; x_wconf 75' lang='lat' dir='ltr'>P7.</span> 
     </span>
     <span class='ocr_line' id='line_1_32' title="bbox 181 1773 1308 1816; baseline 0.004 -11"><span class='ocrx_word' id='word_1_210' title='bbox 181 1775 225 1793; x_wconf 72' lang='lat'>⁶³⁴</span> <span class='ocrx_word' id='word_1_211' title='bbox 249 1774 412 1816; x_wconf 74' lang='lat' dir='ltr'>transigit</span> <span class='ocrx_word' id='word_1_212' title='bbox 430 1774 493 1806; x_wconf 83' lang='lat' dir='ltr'>P1:</span> <span class='ocrx_word' id='word_1_213' title='bbox 508 1773 718 1815; x_wconf 79' lang='lat' dir='ltr'>transadigit</span> <span class='ocrx_word' id='word_1_214' title='bbox 733 1775 762 1804; x_wconf 74' lang='lat' dir='ltr'><em>R</em></span> <span class='ocrx_word' id='word_1_215' title='bbox 772 1784 783 1805; x_wconf 90' lang='grc'>.·</span> <span class='ocrx_word' id='word_1_216' title='bbox 799 1774 939 1805; x_wconf 76' lang='lat' dir='ltr'>transiit</span> <span class='ocrx_word' id='word_1_217' title='bbox 954 1774 1006 1806; x_wconf 56' lang='grc' dir='ltr'>ΡΒ.</span> <span class='ocrx_word' id='word_1_218' title='bbox 1040 1775 1052 1806; x_wconf 87' lang='lat' dir='ltr'>i</span> <span class='ocrx_word' id='word_1_219' title='bbox 1067 1774 1202 1808; x_wconf 73' lang='lat' dir='ltr'>omitted</span> <span class='ocrx_word' id='word_1_220' title='bbox 1217 1778 1308 1810; x_wconf 64' lang='grc' dir='ltr'>ΜῙΕ.</span> 
     </span>
    </p>
   </div>
   <div class='ocr_carea' id='block_1_4' title="bbox 135 1893 1311 2012">
    <p class='ocr_par' dir='ltr' id='par_1_30' title="bbox 135 1893 1311 2012">
     <span class='ocr_line' id='line_1_33' title="bbox 179 1893 1311 1933; baseline 0.004 -8"><span class='ocrx_word' id='word_1_221' title='bbox 179 1895 190 1914; x_wconf 88' lang='lat'>²</span> <span class='ocrx_word' id='word_1_222' title='bbox 212 1895 283 1926; x_wconf 82' lang='lat' dir='ltr'>The</span> <span class='ocrx_word' id='word_1_223' title='bbox 314 1894 469 1926; x_wconf 81' lang='lat' dir='ltr'>Oriental</span> <span class='ocrx_word' id='word_1_224' title='bbox 499 1893 602 1926; x_wconf 75' lang='lat' dir='ltr'>mitra</span> <span class='ocrx_word' id='word_1_225' title='bbox 630 1904 698 1925; x_wconf 77' lang='lat' dir='ltr'>was</span> <span class='ocrx_word' id='word_1_226' title='bbox 729 1893 800 1925; x_wconf 84' lang='lat' dir='ltr'>like</span> <span class='ocrx_word' id='word_1_227' title='bbox 830 1904 849 1924; x_wconf 82' lang='lat' dir='ltr'>a</span> <span class='ocrx_word' id='word_1_228' title='bbox 879 1893 1019 1933; x_wconf 78' lang='lat' dir='ltr'>bonnet,</span> <span class='ocrx_word' id='word_1_229' title='bbox 1047 1895 1203 1927; x_wconf 76' lang='lat' dir='ltr'>fastened</span> <span class='ocrx_word' id='word_1_230' title='bbox 1226 1899 1311 1930; x_wconf 80' lang='lat' dir='ltr'>with</span> 
     </span>
     <span class='ocr_line' id='line_1_34' title="bbox 135 1936 1305 2012; baseline 0.003 -43"><span class='ocrx_word' id='word_1_231' title='bbox 135 1938 287 2012; x_wconf 48' lang='lat' dir='ltr'>gillgbons.</span> <span class='ocrx_word' id='word_1_232' title='bbox 335 1937 408 1969; x_wconf 79' lang='lat' dir='ltr'>The</span> <span class='ocrx_word' id='word_1_233' title='bbox 433 1937 596 1978; x_wconf 87' lang='lat' dir='ltr'>ordinary</span> <span class='ocrx_word' id='word_1_234' title='bbox 618 1937 714 1968; x_wconf 79' lang='lat' dir='ltr'>tunic</span> <span class='ocrx_word' id='word_1_235' title='bbox 738 1936 805 1968; x_wconf 75' lang='lat' dir='ltr'>had</span> <span class='ocrx_word' id='word_1_236' title='bbox 829 1947 873 1968; x_wconf 90' lang='lat' dir='ltr'>no</span> <span class='ocrx_word' id='word_1_237' title='bbox 895 1937 1033 1969; x_wconf 75' lang='lat' dir='ltr'>sleeves.</span> <span class='ocrx_word' id='word_1_238' title='bbox 1092 1939 1134 1978; x_wconf 88' lang='lat' dir='ltr'>cf.</span> <span class='ocrx_word' id='word_1_239' title='bbox 1154 1939 1238 1972; x_wconf 80' lang='lat' dir='ltr'>Aen.</span> <span class='ocrx_word' id='word_1_240' title='bbox 1258 1949 1305 1973; x_wconf 73' lang='lat' dir='ltr'>lv.</span> 
     </span>
    </p>
   </div>
   <div class='ocr_carea' id='block_1_5' title="bbox 142 2029 214 2062">
    <p class='ocr_par' dir='ltr' id='par_1_31' title="bbox 142 2029 214 2062">
     <span class='ocr_line' id='line_1_35' title="bbox 142 2029 214 2062; baseline 0.042 -3"><span class='ocrx_word' id='word_1_241' title='bbox 142 2029 214 2062; x_wconf 77' lang='lat'>154-</span> 
     </span>
    </p>
   </div>
  </div>
 </body>
</html>
