1399 2271
619 60 809 97 VIRGIL

129 146 287 195 proelia,
306 158 380 183 nec
399 147 492 182 victi
511 151 674 195 possunt
694 147 882 183 absistere
903 146 1016 183 ferro.

127 213 237 249 spem
251 202 281 236 si
297 212 412 249 quam
426 199 584 236 adscitis
601 199 786 236 Aetolum
804 200 992 236 habuistis
1007 202 1047 235 in
1063 201 1192 246 armis,

128 256 273 302 ponite.
330 266 419 302 spes
444 254 515 289 sibi
542 256 729 303 quisque:
758 253 827 290 sed
857 253 952 290 haec
978 266 1095 303 quam
1123 267 1190 289 an-

234 312 363 356 gusta,
381 306 534 343 videtis.

127 365 258 397 cetera
276 373 352 410 qua
370 373 500 397 rerum
520 362 674 396 iaceant
694 359 872 409 perculsa
892 362 1015 405 ruina,
1222 364 1298 397 310

126 419 219 450 ante
238 413 370 450 oculos
388 416 572 463 interque
592 426 729 450 manus
749 418 841 450 sunt
859 416 989 449 omnia
1009 418 1166 450 vestras.

127 480 201 504 nec
213 481 450 518 quemquam
462 470 596 504 incuso
611 480 618 503 :
639 469 769 516 potuit
780 480 879 517 quae
893 466 1059 516 plurima
1072 469 1193 504 virtus

127 534 226 567 esse,
244 520 343 565 fuit;
371 526 456 558 toto
476 526 670 558 certatum
691 526 751 557 est
771 533 931 569 corpore
950 523 1073 569 regni.

127 588 232 611 nunc
251 574 362 620 adeo,
382 587 482 625 quae
503 577 553 611 sit
572 574 714 611 dubiae
734 576 934 611 sententia
953 576 1091 618 menti,

127 628 333 677 expediam
353 633 395 665 et
414 631 546 677 paucis
564 626 731 678 (animos
750 626 956 678 adhibete)
976 627 1135 664 docebo.
1222 631 1296 664 815

127 687 187 719 est
205 685 390 731 antiquus
408 695 502 731 ager
521 681 647 718 Tusco
667 680 763 717 mihi
783 683 982 730 proximus
1001 683 1120 726 amni,

127 735 266 784 longus
286 738 325 771 in
346 748 539 783 occasum,
557 734 643 771 finis
663 748 780 784 super
798 747 921 784 usque
941 734 1122 778 Sicanos;

127 788 302 825 Aurunci
323 789 536 838 Rutulique
556 793 694 825 serunt
713 793 755 825 et
773 801 930 825 vomere
950 787 1067 824 duros

127 847 316 879 exercent
335 842 444 878 collis
462 847 581 892 atque
601 842 738 878 horum
759 844 970 891 asperrima
989 846 1165 890 pascunt.

126 895 224 933 haec
242 898 368 933 omnis
388 898 496 945 regio
516 901 558 932 et
577 895 669 932 celsi
688 895 804 945 plaga
823 898 939 944 pinea
957 897 1101 931 montis
1223 898 1298 932 320

127 949 243 986 cedat
261 951 456 986 amicitiae
475 948 727 994 Teucrorum,
749 954 790 985 et
809 948 978 985 foederis
997 961 1141 998 aequas

127 1003 301 1039 dicamus
319 1002 429 1052 leges
447 1005 649 1052 sociosque
668 1005 709 1039 in
728 1015 850 1051 regna
869 1014 1075 1046 vocemus3

128 1056 344 1101 considant,
365 1059 397 1092 si
416 1060 550 1093 tantus
569 1068 688 1101 amor,
709 1061 750 1092 et
768 1058 922 1092 moenia
942 1055 1125 1093 condant.

127 1112 186 1146 sin
204 1109 299 1146 alios
318 1109 404 1145 finis
423 1109 617 1159 aliamque
637 1122 839 1158 capessere
859 1114 1022 1157 gentem

127 1168 188 1200 est
205 1165 357 1199 animus
376 1168 618 1212 possuntque
638 1162 718 1199 solo
737 1162 931 1199 decedere
950 1168 1096 1208 nostro,
1223 1167 1296 1200 325

127 1217 185 1253 bis
205 1216 326 1253 denas
348 1216 448 1253 Italo
467 1221 646 1253 texamus
665 1216 803 1253 robore
823 1218 954 1260 navis;

127 1283 195 1307 seu
215 1270 336 1320 pluris
355 1270 552 1319 complere
568 1269 713 1315 valent,
728 1271 831 1306 iacet
845 1271 971 1306 omnis
986 1269 1035 1306 ad
1051 1269 1196 1306 undam

126 1326 332 1367 materies;
361 1325 433 1373 ipsi
453 1335 740 1373 numerumque
758 1322 997 1373 modumque
1017 1325 1157 1359 carinis

127 1379 381 1426 praecipiant,
402 1390 472 1413 nos
491 1390 594 1421 aera,
613 1389 764 1422 manus,
784 1376 935 1412 navalia
953 1375 1102 1413 demus.

126 1435 342 1480 praeterea,
361 1432 428 1479 qui
448 1429 553 1467 dicta
572 1429 703 1467 ferant
722 1429 943 1466 et-foedera
960 1429 1132 1476 firment,
1222 1434 1298 1467 330

126 1489 286 1521 centum
306 1488 478 1520 oratores
496 1485 621 1533 prima
640 1483 690 1520 de
710 1488 832 1532 gente
853 1483 1014 1520 Latinos

126 1540 180 1574 ire
201 1537 332 1586 placet
350 1539 534 1587 pacisque
553 1550 671 1573 manu
691 1536 953 1586 praetendere
968 1549 1109 1583 ramos,

125 1604 288 1627 munera
307 1593 500 1640 portantis
519 1593 681 1640 aurique
701 1591 906 1640 eborisque
925 1590 1077 1627 talenta

125 1649 166 1681 et
185 1643 321 1681 sellam
339 1646 453 1693 regni
471 1644 727 1694 trabeamque
746 1646 915 1693 insignia
932 1646 1065 1681 nostri.

124 1697 316 1734 consulite
336 1700 375 1733 in
395 1697 570 1734 medium
591 1702 632 1734 et
651 1698 767 1734 rebus
787 1700 1002 1734 succurrite
1021 1695 1171 1733 fessis.''
1223 1701 1296 1734 335

175 1750 276 1787 Tum
291 1750 478 1797 Drances,
491 1750 597 1788 idem
608 1750 798 1795 infensus,
810 1763 929 1800 quem
940 1750 1063 1800 gloria
1075 1750 1197 1787 Turni

124 1804 280 1854 obliqua
298 1804 445 1841 invidia
462 1803 710 1854 stimulisque
730 1805 906 1854 agitabat
924 1806 1076 1850 amaris,

125 1858 252 1906 largus
271 1870 390 1908 opum
409 1862 452 1895 et
470 1857 605 1907 lingua
623 1857 773 1903 melior,
793 1857 862 1895 sed
883 1857 1024 1907 frigida
1043 1857 1149 1895 bello

228 1929 272 1949 ³¹⁵
295 1931 331 1960 et
346 1928 481 1961 omitted
496 1929 571 1969 P27.
750 1929 795 1948 ⁸24
819 1930 911 1970 -que]
928 1939 982 1959 -ve
998 1930 1060 1969 P-y.

175 2015 198 2053 6
228 1972 271 1991 ⁸³⁵
295 1971 408 2013 fessis]
423 1973 549 2005 vestris
564 1972 642 2013 Pyl.
751 1972 796 1992 ³³⁸
819 1973 955 2014 linguae
971 1972 1025 2012 1³1,
1043 1971 1187 2004 Servius.

124 2021 170 2053 25
