1399 2271
625 78 677 114 Vl
687 78 815 115 RGlL

131 177 289 215 corpora
309 165 381 202 sub
401 166 516 201 ramis
535 164 744 214 deponunt
762 165 908 202 arboris
927 165 1030 202 altae

130 226 420 273 instituuntque
440 223 560 272 dapes
581 228 622 260 et
640 222 782 260 adorea
800 223 880 259 liba
899 236 970 272 per
988 223 1150 260 herbam

129 283 326 319 subiciunt
345 282 470 331 epulis
491 282 561 332 (sic
585 282 762 331 Iuppiter
780 284 864 331 ipse
883 283 1087 333 monebat)
1234 289 1303 320 110

129 347 170 379 et
189 341 348 378 Cereale
369 341 494 378 solum
514 343 639 389 pomis
658 342 879 390 agrestibus
899 347 1058 391 augent.
1301 354 1305 361 “

128 403 368 449 consumptis
387 400 451 436 hie
471 399 573 436 forte
593 399 689 445 aliis,
711 405 755 437 ut
775 405 930 437 vertere
950 414 1100 439 morsus

128 462 308 509 exiguam
328 462 367 495 in
389 459 571 495 Cererem
592 461 755 507 penuria
774 458 910 508 adegit
930 459 1075 496 edendi

128 523 168 555 et
187 517 330 554 violare
350 530 466 553 manu
487 517 678 567 malisque
697 517 909 554 audacibus
928 518 1063 555 orbem

128 577 254 614 fatalis
273 579 393 614 crusti
413 575 557 626 patulis
577 589 650 613 nec
671 589 831 625 parcere
851 577 1032 626 quadris:
1230 585 1242 615 1
1259 586 1300 616 15

127 640 150 657 “
163 636 259 673 heus
276 637 283 673 !
311 639 431 673 etiam
451 648 605 672 mensas
625 636 926 682 consumimus,”
949 639 1078 686 inquit
1101 637 1220 684 Iulus,

127 708 198 732 nec
218 695 329 744 plura
348 694 551 731 adludens.
610 708 655 731 ea
676 708 748 731 vox
764 695 898 732 audita
917 695 1093 732 laborum

125 757 248 803 prima
266 753 360 790 tulit
379 753 497 790 finem
517 755 760 803 primamque
779 753 978 803 loquentis
997 755 1046 791 ab
1066 762 1132 792 ore

124 815 267 862 eripuit
285 817 398 862 pater
416 825 460 848 ae
479 811 725 860 stupefactus
744 814 906 848 numine
919 815 1072 861 pressit.

123 875 310 909 continuo
329 875 353 892 “
366 871 470 908 salve
490 870 580 908 fatis
601 871 697 907 mihi
717 871 852 908 debita
871 871 990 909 tellus
1227 879 1298 911 120

123 931 305 981 vosque,”
326 933 393 976 ait,
414 935 472 966 “o
493 929 559 966 fidi
578 930 729 976 Troiae,
750 930 911 976 salvete,
932 936 1122 980 penates:

124 990 185 1026 hic
199 990 351 1034 domus,
365 989 463 1026 haec
477 991 603 1039 patria
618 994 689 1026 est.
736 991 892 1038 genitor
907 989 1003 1026 mihi
1019 990 1112 1027 talia
1128 1004 1300 1042 namque

123 1049 243 1098 (nunc
262 1047 417 1099 repeto)
437 1048 630 1085 Anchises
650 1048 819 1085 fatorum
837 1061 978 1084 arcana
997 1048 1179 1099 reliquit:

122 1113 132 1129 ‘
144 1121 233 1144 cum
252 1113 307 1153 te,
326 1113 434 1153 nate,
453 1106 576 1144 fames
596 1109 732 1156 ignota
751 1107 801 1143 ad
820 1107 936 1143 litora
955 1113 1114 1145 vectum

120 1169 253 1204 accisis
272 1171 390 1215 coget
408 1165 574 1215 dapibus
593 1179 823 1203 consumere
843 1179 1011 1211 mensas,
1224 1174 1294 1207 125

120 1232 203 1263 tum
223 1238 378 1275 sperare
398 1224 534 1262 domos
553 1224 730 1262 defessus
750 1225 883 1275 ibique
903 1231 1106 1263 memento

121 1288 242 1334 prima
259 1284 387 1321 locare
406 1297 525 1320 manu
545 1283 751 1334 molirique
771 1297 917 1333 aggere
938 1285 1069 1322 tecta·

119 1344 215 1380 haec
235 1348 319 1380 erat
338 1342 404 1379 illa
423 1342 559 1388 fames,
580 1342 677 1380 haec
698 1355 768 1379 nos
788 1355 970 1392 suprema
989 1345 1188 1392 manebat,

118 1405 246 1440 exitiis
265 1404 439 1452 positura
456 1401 629 1438 modum.

117 1474 236 1512 quare
255 1464 361 1511 agite
382 1466 424 1498 et
442 1463 568 1510 primo
587 1460 681 1498 laeti
701 1474 789 1498 cum
809 1461 958 1499 lumine
978 1463 1082 1509 solis,
1221 1468 1293 1501 130

117 1534 216 1571 quae
230 1520 326 1566 loca,
342 1522 458 1570 quive
473 1519 647 1557 habeant
661 1520 852 1566 homines,
870 1521 935 1557 ubi
951 1524 1106 1559 moenia
1121 1526 1265 1572 gentis,

117 1581 355 1629 vestigemus
375 1584 417 1615 et
434 1591 457 1614 a
475 1583 591 1628 portu
611 1578 763 1615 diversa
782 1584 973 1628 petamus.

116 1652 221 1676 nunc
240 1644 394 1688 pateras
413 1638 535 1675 libate
558 1638 639 1674 Iovi
658 1639 919 1688 precibusque
940 1643 1077 1676 vocate

117 1696 317 1734 Anchisen
337 1698 571 1745 genitorem,
592 1701 633 1733 et
653 1699 742 1733 vina
760 1700 941 1747 reponite
961 1698 1145 1735 mensis.''

327 1782 370 1802 ²¹⁰
393 1783 478 1823 ipse]
495 1782 552 1813 ille
567 1783 607 1813 M
612 1783 635 1821 ²,
655 1781 770 1814 known
785 1787 817 1814 to
833 1782 979 1814 Servius.

327 1825 370 1845 ¹²⁵
393 1824 539 1856 ambesis
555 1826 592 1857 R.
771 1825 814 1845 ¹2⁸
838 1825 1024 1858 manebant
1040 1828 1077 1860 R.

156 1938 167 1957 ¹
192 1937 264 1968 The
280 1936 389 1968 round
405 1937 517 1975 eakes,
537 1937 606 1968 like
623 1948 685 1968 our
701 1937 762 1968 hot
779 1938 985 1977 eross·buns,
1004 1949 1093 1970 were
1109 1939 1226 1971 scored
1243 1939 1288 1982 by

114 1980 306 2012 crosa-lines
323 1981 397 2011 into
413 1980 489 2011 four
505 1984 663 2022 quarters
682 1981 871 2021 (quadrae).

119 2027 164 2060 10
