1399 2271
707 83 897 120 VIRGIL

212 175 410 206 sustentat
429 169 590 205 dextra:
619 170 784 205 traiecto
802 171 918 205 missa
937 168 1085 205 lacerto

211 225 389 272 protinus
408 222 520 259 hasta
542 221 646 270 fugit
664 226 872 271 servatque
892 228 1056 259 cruenta
1076 228 1268 268 tenorem,
1307 228 1384 259 340

211 276 454 325 dexteraque
470 288 518 312 ex
534 288 668 311 umero
683 278 812 311 nervis
827 275 1059 311 moribunda
1075 277 1278 324 pependit.

212 335 298 366 tum
319 329 502 365 Numitor
521 328 647 364 iaculo
666 328 794 364 fratris
814 328 864 364 de
884 341 1044 377 corpore
1064 335 1176 378 rapto

213 384 378 419 Aenean
398 384 538 431 petiit;
568 381 637 418 sed
657 394 736 417 non
757 386 799 418 et
817 381 938 430 figere
958 387 1094 418 contra

213 441 274 473 est
292 436 458 480 licitum,
473 438 684 484 magnique
699 434 827 471 femur
845 438 1076 483 perstrinxit
1092 436 1281 473 Achatae.

268 489 346 525 Hic
365 489 542 533 Curibus,
564 488 687 524 fidens
707 491 905 537 primaevo
924 502 1097 537 corpore,
1117 489 1277 526 Clausus
1307 494 1381 527 345

212 542 373 579 advenit
394 548 435 579 et
455 542 580 591 rigida
602 542 803 591 Dryopem
823 541 916 578 ferit
936 545 1088 579 eminus
1109 542 1221 579 hasta

212 597 285 633 sub
303 601 483 633 mentum
503 597 675 643 graviter
695 608 825 644 pressa
846 598 1068 644 pariterque
1083 595 1282 645 loquentis

214 663 349 686 vocem
368 652 616 698 animamque
637 652 740 697 rapit
758 651 923 685 traiecto
943 654 1104 697 gutture
1120 663 1128 686 :
1155 655 1197 685 at
1216 650 1283 687 ille

213 703 343 739 fronte
359 702 452 739 ferit
470 708 615 739 terram
632 707 673 738 et
687 714 858 738 crassum
875 705 995 738 vomit
1010 715 1076 739 ore
1092 715 1280 740 cruorem.

213 759 282 793 tris
303 769 459 805 quoque
479 755 679 791 Threicios
701 755 847 792 Boreae
866 755 917 792 de
937 762 1058 804 gente
1078 753 1259 805 suprema
1310 762 1385 794 350

214 815 255 846 et
274 813 356 854 tris,
377 822 472 858 quos
494 809 583 845 Idas
603 814 716 857 pater
736 814 777 845 et
796 811 922 858 patria
943 809 1088 845 Ismara
1105 812 1244 856 mittit,

216 876 286 911 per
306 866 429 898 varios
449 865 593 899 sternit
613 875 732 898 casus.
789 865 958 898 accurrit
979 862 1172 900 Halaesus

214 917 502 965 Auruncaeque
521 928 672 961 manus,
691 916 798 952 subit
816 921 858 952 et
878 916 1081 964 Neptunia
1099 917 1240 965 proles,

213 972 377 1018 insignis
399 970 603 1017 Messapus
624 971 744 1018 equis.
803 969 1003 1018 expellere
1025 970 1199 1008 tendunt

213 1036 318 1059 nunc
339 1022 392 1066 hi,
412 1036 517 1059 nunc
537 1022 617 1065 illi;
647 1027 821 1058 certatur
841 1022 976 1058 limine
996 1025 1036 1058 in
1057 1026 1140 1072 ipso
1315 1028 1388 1061 355

215 1076 423 1113 Ausoniae.
479 1088 622 1124 magno
643 1075 841 1112 discordes
860 1075 1023 1112 aethere
1043 1079 1151 1113 venti

214 1129 361 1178 proelia
382 1141 453 1165 ceu
474 1129 622 1165 tollunt
640 1132 778 1164 animis
798 1134 840 1165 et
859 1129 1004 1165 viribus
1021 1133 1179 1179 aequis3

213 1196 292 1218 non
313 1185 385 1231 ipsi
405 1184 510 1218 inter
529 1195 583 1226 se,
603 1195 682 1217 non
702 1181 848 1226 nubila,
868 1195 947 1218 non
966 1195 1073 1219 mare
1095 1183 1228 1227 cedit·,

213 1248 358 1284 anceps
378 1249 510 1284 pugna
530 1235 610 1279 diu,
631 1240 740 1271 stant
759 1236 902 1271 obnixa
920 1238 1050 1271 omnia
1071 1242 1205 1272 contra
1223 1249 1231 1273 :

213 1289 316 1324 haud
338 1289 452 1324 aliter
471 1288 662 1324 Troianae
683 1291 785 1324 acies
804 1292 986 1337 aciesque
1008 1289 1172 1325 Latinae
1313 1288 1388 1326 360

213 1347 464 1386 concurrunt,
484 1341 624 1377 haeret
643 1341 745 1390 pede
765 1354 834 1390 pes
855 1342 1078 1391 densusque
1098 1345 1179 1378 viro
1199 1346 1267 1380 vir.

265 1396 321 1431 At
340 1400 452 1443 parte
473 1407 520 1430 ex
540 1395 626 1439 alia,
647 1408 723 1443 qua
744 1407 834 1430 saxa
855 1398 1022 1431 rotantia
1042 1395 1121 1432 late

212 1447 424 1497 impulerat
443 1453 596 1484 torrens
615 1449 851 1496 arbustaque
871 1448 1001 1484 diruta
1020 1451 1126 1497 ripis,

213 1501 397 1546 Arcadas,
418 1503 592 1537 insuetos
612 1504 714 1537 acies
735 1501 879 1538 inferre
899 1501 1108 1550 pedestris,

212 1560 257 1590 ut
276 1555 375 1590 vidit
396 1554 521 1590 Pallas
544 1553 656 1590 Latio
675 1554 768 1590 dare
788 1560 901 1603 terga
920 1558 1076 1604 sequaci
1311 1555 1385 1593 365

212 1607 365 1657 (aspera
385 1610 470 1656 quis
491 1613 630 1643 natura
649 1607 724 1643 loci
744 1607 944 1644 dimittere
965 1608 1122 1657 quando

212 1663 333 1697 suasit
352 1659 503 1711 equos),
523 1674 644 1697 unum
664 1660 769 1710 quod
789 1662 905 1697 rebus
925 1667 1048 1698 restat
1068 1665 1216 1711 egenis,

212 1727 318 1750 nunc
333 1726 462 1762 prece,
478 1727 583 1749 nunc
598 1714 714 1750 dictis
731 1716 916 1751 virtutem
931 1715 1113 1751 accendit
1128 1718 1291 1753 amaris:

213 1771 326 1816 “quo
347 1767 495 1816 fugitis,
516 1768 635 1804 socii?
665 1780 735 1816 per
756 1780 821 1803 vos
841 1772 883 1804 et
903 1767 1018 1804 fortia
1038 1767 1155 1814 faeta,

255 1857 300 1876 ³⁴²¹
323 1858 419 1896 ferit]
435 1859 560 1898 premit
578 1858 650 1898 1³7¹.
754 1857 798 1877 ³⁵³
820 1857 949 1889 cedunt
966 1859 1029 1890 ³1¹.

257 1900 302 1920 ⁸⁶³
326 1900 492 1931 intulerat
509 1902 545 1931 R.

256 1943 301 1961 ³⁶⁰
323 1954 408 1984 quos
437 1944 505 1982 P71.
556 1943 715 1975 Priscian
748 1944 922 1984 interpretes
952 1943 1090 1985 quando
1119 1955 1158 1976 as
1188 1945 1384 1986 aliquando,

212 1985 347 2017 Sera-ius
362 1997 401 2017 as
416 1985 597 2027 siquidem.

219 2033 287 2071 194
