1399 2271
670 70 860 106 VIRGIL

178 156 414 205 alitibusque
432 155 556 193 iaces!
586 169 660 192 nec
680 161 733 200 te,
755 161 823 192 tua
842 155 992 201 funera,
1012 162 1138 194 mater

178 209 342 257 produxi
362 212 532 258 pressive
551 209 684 245 oculos
703 214 771 245 aut
791 208 948 246 volnera
967 209 1056 255 lavi,

179 267 287 299 veste
306 267 461 311 tegens,
480 263 553 299 tibi
572 275 688 312 quam
708 267 844 299 noctes
864 262 1008 300 festina
1026 263 1190 312 diesque

178 317 378 365 urgebam,
399 321 440 353 et
459 315 539 352 tela
559 329 668 352 curas
688 316 838 352 solabar
856 316 979 352 anilis.

177 382 253 418 quo
265 371 426 419 sequar?
446 375 515 405 aut
528 382 627 419 quae
640 382 745 405 nunc
756 374 863 406 artus
875 369 1082 418 avolsaque
1095 371 1271 406 membra

177 428 219 459 et
237 422 354 459 funus
372 422 545 459 lacerum
565 422 683 459 tellus
703 422 850 460 habet?
880 422 953 459 hoc
973 422 1069 459 mihi
1088 423 1138 460 de
1158 429 1212 469 te,
1273 428 1343 466 491

176 481 282 522 nate,
301 476 450 513 refers?
481 476 554 512 hoc
574 489 660 513 sum
679 481 862 525 terraque
882 479 1057 526 marique
1077 479 1238 514 secuta?

177 530 285 579 figite
304 543 381 576 me,
401 532 432 567 si
453 543 529 579 qua
548 535 610 567 est
628 532 769 579 pietas,
788 532 828 565 in
848 542 911 566 me
931 532 1062 565 omnia
1081 530 1161 567 tela

176 586 356 629 conicite,
376 596 399 619 o
420 582 568 627 Rutuli,
587 596 650 619 me
671 585 834 631 primam
854 583 1048 619 absumite
1070 583 1196 628 ferro3

175 641 244 673 aut
262 642 320 682 tu,
340 650 481 686 magne
502 641 615 685 pater
634 636 781 682 divum,
800 639 999 681 miserere,
1019 641 1168 686 tuoque
1272 642 1345 680 495

174 692 341 726 invisum
360 690 434 726 hoc
454 689 624 726 detrude
643 695 762 738 caput
781 690 852 726 sub
871 690 1032 726 Tartara
1051 690 1146 735 telo,

174 743 331 793 quando
342 743 457 780 aliter
469 756 624 792 nequeo
636 743 837 779 crudelem
849 743 1253 791 abrumpere‘vitam.'’

174 796 248 833 hoc
266 796 360 834 fletu
380 799 556 833 concussi
575 799 707 842 animi,
727 801 977 845 maestusque
998 810 1068 845 per
1086 800 1212 834 omnis

174 852 205 886 it
223 853 407 899 gemitus,
427 855 590 899 torpent
608 849 799 886 infractae
818 849 868 886 ad
887 850 1035 899 proelia
1055 853 1166 888 vires.

173 903 279 939 illam
299 903 581 940 incendentem
598 903 728 939 luctus
749 903 890 940 Idaeus
910 908 952 940 et
972 904 1094 940 Actor
1272 910 1346 942 500

175 957 313 994 Ilionei
332 959 485 994 monitu
506 962 549 994 et
567 956 737 993 multum
755 956 995 993 lacrimantis
1015 957 1091 993 Iuli

172 1012 388 1059 corripiunt
406 1013 589 1059 interque
608 1023 747 1046 manus
767 1011 838 1046 sub
860 1015 967 1047 tecta
985 1016 1194 1059 reponunt.

224 1063 280 1100 At
298 1064 394 1100 tuba
412 1063 630 1100 terribilem
649 1066 820 1100 sonitum
840 1063 974 1112 procul
994 1076 1084 1100 aere
1100 1077 1240 1101 canoro

171 1119 390 1166 increpuit;
418 1120 596 1166 sequitur
615 1116 760 1153 clamor
779 1117 1009 1166 caelumque
1029 1120 1212 1167 remugit.

170 1170 393 1207 accelerant
410 1175 498 1207 acta
517 1172 664 1219 pariter
680 1170 883 1207 testudine
904 1170 1033 1207 Volsci
1269 1176 1343 1209 505

171 1228 212 1260 et
232 1223 353 1260 fossas
372 1223 537 1272 implere
558 1229 697 1272 parant
716 1237 760 1259 ac
780 1223 926 1260 vellere
946 1223 1100 1260 vallum.

170 1282 365 1326 quaerunt
383 1290 472 1326 pars
490 1277 642 1313 aditum
663 1282 704 1313 et
724 1277 835 1313 scalis
854 1277 1068 1314 ascendere
1087 1290 1229 1323 muros,

169 1343 246 1379 qua
264 1343 349 1366 rara
369 1335 430 1367 est
448 1333 551 1367 acies
569 1330 862 1380 interlucetque
881 1343 1024 1366 corona

169 1396 249 1419 non
263 1388 345 1420 tam
361 1386 482 1432 spissa
495 1386 598 1422 viris.
647 1383 817 1420 telorum
833 1383 1035 1420 effundere
1050 1389 1186 1420 eontra
1243 1397 1344 1421 FMPR

168 1449 284 1473 omne
304 1449 430 1485 genus
449 1436 590 1473 Teucri
609 1450 653 1473 ac
672 1437 779 1473 duris
798 1436 1012 1474 detrudere
1032 1440 1172 1483 contis,
1269 1442 1343 1474 510

168 1489 321 1526 adsueti
341 1490 459 1539 longo
478 1502 608 1527 muros
627 1489 844 1527 defendere
864 1490 980 1527 bello.

167 1556 258 1579 saxa
277 1556 432 1593 quoque
452 1543 597 1580 infesto
616 1543 827 1580 volvebant
846 1543 1034 1593 pondere,
1054 1546 1084 1580 si
1104 1556 1180 1593 qua

167 1602 329 1645 possent
340 1602 488 1634 tectam
499 1600 624 1634 aciem
636 1609 903 1646 perrumpere,
917 1611 1004 1633 cum
1018 1602 1152 1634 tamen
1164 1600 1289 1634 omnis

168 1649 270 1687 ferre
289 1652 398 1688 iuvat
416 1651 553 1687 subter
570 1650 694 1687 densa
712 1650 915 1688 testudine
935 1663 1055 1688 casus.

209 1801 253 1820 ⁴⁸⁸
277 1800 397 1832 funera
427 1802 539 1840 MSS„
568 1801 713 1840 Servius,
746 1801 893 1841 Noniws,
925 1802 1091 1842 Donatus,
1125 1802 1341 1835 Macrobius:

166 1843 286 1875 funere
310 1844 517 1884 conjectured
540 1844 582 1885 by
604 1844 734 1877 Bembo.

210 1887 254 1906 ⁴⁹4
276 1887 424 1927 primum
441 1887 492 1919 P1.
796 1887 840 1907 ⁶⁰⁶
863 1887 990 1930 pellere
1006 1888 1098 1919 M²R.
1148 1888 1238 1919 vallo
1253 1889 1291 1919 Μ
1293 1889 1314 1920 ².

209 1929 251 1949 ⁵¹⁴
276 1930 373 1961 iuvat
389 1931 421 1961 F
431 1929 480 1970 (in
494 1940 541 1962 an
556 1931 704 1970 erasure)
718 1941 729 1962 .·
751 1930 849 1962 iubat
864 1931 952 1972 12²7:
971 1930 1069 1963 iubet.
1083 1931 1143 1963 P1:
1162 1931 1260 1964 lubat
1272 1932 1308 1963 Μ
1312 1932 1340 1963 ¹:

167 1972 252 2003 libet
268 1972 304 2003 M
307 1972 359 2005 ²13.

173 2020 243 2058 146
