1399 2271
620 68 809 105 VIRGIL

128 156 204 190 iam
223 153 356 203 procul
378 166 399 191 e
421 153 539 191 fluctu
559 154 770 191 Salaminia
788 157 952 204 suspicit
970 168 1059 191 arva
1226 158 1303 195 470

128 216 380 266 florentisque
399 216 509 254 videt
527 219 604 253 iam
624 215 836 266 Cycladas;
863 216 956 254 hinc
975 216 1110 254 Venus
1129 217 1186 253 illi

127 278 279 324 Sunias,
299 278 392 314 hinc
411 280 529 314 statio
549 283 685 315 contra
704 283 817 327 patet
838 278 1092 316 Hermionea.

127 340 318 390 linquitur
336 345 430 377 ante
450 339 544 377 alias
563 339 682 389 longe
703 342 925 390 gratissima
948 340 1070 378 Delos

128 401 344 438 Nereidum
362 403 480 438 matri
500 405 542 438 et
560 400 751 450 Neptuno
771 401 944 450 Aegaeo.

126 465 314 512 prospicit
332 465 547 499 incinctam
567 465 766 512 spumanti
785 462 900 500 litore
921 463 1107 513 Cythnon
1226 465 1300 503 475

125 536 462 573 marmoreamque
477 523 602 559 Paron
615 523 858 573 viridemque
871 523 1029 573 adlapsa
1046 523 1246 573 Donysam

126 586 400 635 Aeginamque
420 585 535 622 simul
556 585 903 635 †salutiferamque
924 585 1144 635 Seriphum.
1225 588 1299 624 477

125 650 201 683 iam
221 647 322 684 fesso
343 647 506 684 tandem
525 646 686 696 fugiunt
706 646 757 684 de
777 660 938 696 corpore
958 650 1072 692 vires,
1226 652 1299 684 443

125 715 167 746 et
186 714 304 758 caput
323 709 464 746 inflexa
484 708 639 746 lentum
660 711 811 745 cervice
833 709 1040 755 recumbit,

124 783 340 807 marmorea
359 770 540 807 adductis
560 770 756 807 livescunt
776 770 957 807 bracchia
976 770 1100 807 nodis.
1226 775 1301 807 450

124 846 341 883 aequoreae
360 836 515 882 pristes,
535 835 708 869 inmania
728 846 889 883 corpora
908 836 1033 883 ponti,

125 895 300 945 undique
320 897 562 931 conveniunt
583 900 623 931 et
643 894 783 944 glauco
803 898 844 931 in
863 898 1021 944 gurgite
1042 897 1187 931 circum

125 957 287 993 verbere
307 957 518 993 caudarum
537 962 658 1006 atque
678 959 754 993 oris
775 960 1010 993 minitantur
1028 957 1149 993 hiatu.
1226 961 1300 994 453

124 1018 250 1055 fertur
270 1023 311 1055 et
330 1021 489 1055 incertis
509 1021 676 1054 iactatur
695 1018 745 1054 ad
765 1021 895 1054 omnia
914 1022 1055 1063 ventis,
1226 1021 1300 1057 478

123 1081 281 1131 (cumba
294 1079 404 1117 velut
422 1093 583 1129 magnas
604 1083 780 1130 sequitur
793 1094 881 1116 cum
894 1081 1055 1129 parvula
1067 1080 1197 1117 classis

125 1141 223 1178 Afer
242 1147 283 1179 et
302 1141 468 1178 hiberno
489 1141 702 1178 bacchatur
722 1144 762 1178 in
782 1155 951 1191 aequore
970 1141 1119 1192 turbo),
1224 1146 1299 1178 480

124 1203 251 1240 donec
270 1203 350 1240 tale
371 1203 492 1240 decus
513 1203 660 1240 formae
680 1206 857 1240 vexarier
876 1203 992 1240 undis

124 1279 203 1302 non
223 1265 317 1302 tulit
337 1279 381 1301 ac
401 1268 562 1301 miseros
582 1268 751 1302 mutavit
770 1267 932 1314 virginis
952 1270 1060 1301 artus

124 1328 304 1365 caeruleo
322 1327 476 1377 pollens
496 1330 666 1363 coniunx
687 1327 890 1376 Neptunia
911 1340 1046 1376 regno.

124 1390 193 1427 sed
213 1396 349 1427 tamen
368 1395 576 1426 aeternum
596 1392 766 1439 squamis
787 1392 931 1426 vestire
951 1389 1137 1439 puellam,

123 1452 341 1502 infidosque
361 1454 466 1488 inter
484 1456 664 1488 teneram
684 1454 932 1488 committere
953 1454 1070 1500 piscis
1224 1456 1298 1489 485

122 1527 203 1551 non
214 1517 353 1550 statuit
368 1515 549 1561 (nimium
562 1518 623 1549 est
635 1512 793 1549 avidum
806 1526 926 1562 pecus
941 1513 1219 1562 Amphitrites)
1232 1526 1240 1549 τ

122 1578 234 1613 aeriis
255 1578 385 1625 potius
405 1574 613 1611 sublimem
633 1574 792 1611 sustulit
811 1573 894 1620 alis,

122 1643 227 1675 esset
246 1644 290 1674 ut
309 1640 350 1673 in
370 1639 485 1674 terris
505 1636 600 1674 facti
620 1636 670 1674 de
691 1639 850 1674 nomine
871 1636 982 1682 Ciris,

123 1700 219 1736 Ciris
239 1698 454 1748 Amyclaeo
474 1698 678 1734 formosior
697 1710 835 1735 ansere
858 1697 999 1734 Ledae.

165 1793 208 1813 ⁴⁷⁷
228 1793 483 1824 sementiferam
521 1792 614 1824 Am.
678 1792 746 1824 The
780 1803 868 1824 verse
905 1793 934 1824 is
962 1793 1092 1833 scmlty.
1156 1791 1299 1825 Vollmer

121 1836 230 1867 thinks
246 1841 306 1867 two
323 1836 404 1875 half
420 1836 503 1867 lines
518 1846 576 1867 are
592 1835 652 1867 lost
666 1835 758 1876 after
773 1836 884 1867 simul.

165 1879 208 1898 ⁴³¹
232 1879 387 1910 vexarier
406 1879 456 1910 B:
480 1879 620 1910 vexavit
637 1879 676 1910 Z.
725 1878 840 1918 undis]
856 1889 975 1920 aegros
992 1879 1168 1919 (aegram).

165 1922 209 1940 *Β*
233 1926 411 1953 aeternum
437 1921 617 1953 Krezmen:
646 1921 799 1953 alternat
823 1922 912 1953 Leo:
936 1921 1111 1953 alternans
1133 1921 1298 1953 Vollmer·

120 1970 274 1996 eternam
292 1966 508 2003 (externam).
642 1964 686 1984 ⁴⁵⁹
710 1964 915 2006 Amyclaeae
932 1963 1103 1996 Heinsius.

122 2013 195 2045 442
