1399 2271
632 91 824 128 VIRGIL

137 181 389 232 Carpathium
411 179 568 230 fugiens
589 185 630 217 et
649 179 809 215 flumina
829 178 1017 215 Caeratea

137 248 301 281 texerat.
360 243 465 279 hunc
484 241 591 279 bello
611 246 797 290 repetens
820 240 1038 290 Gortynius
1059 239 1174 276 heros

139 307 270 343 Attica
290 305 455 342 Cretaea
474 304 679 341 sternebat
699 316 787 339 rura
808 304 962 351 sagitta.
1246 304 1316 337 115

135 368 203 405 sed
224 380 354 417 neque
375 372 460 404 tum
481 369 585 402 cives
606 378 736 415 neque
756 370 842 402 tum
863 376 931 400 rex
952 366 1036 413 ipse
1053 368 1212 400 veretur

134 430 280 468 infesto
299 429 348 466 ad
369 441 500 465 muros
521 427 722 464 volitantis
742 428 900 477 agmine
921 430 1070 462 turmas

134 496 236 530 icere
257 498 298 529 et
317 491 528 528 indomitas
549 493 696 527 virtute
717 488 933 526 retundere
953 492 1121 532 mentes,

135 568 363 604 responsum
383 556 568 603 quoniam
588 555 681 589 satis
703 556 763 588 est
783 553 1010 587 meminisse
1031 549 1207 586 deorum.

135 630 223 653 nam
243 619 372 665 capite
392 629 414 651 a
434 627 586 651 summo
606 616 708 663 regis
728 612 923 664 (mirabile
944 611 1072 661 dictu)
1244 614 1316 646 120

134 679 301 716 candida
320 680 509 715 caesaries
529 676 740 728 (florebant
759 681 938 724 tempora
958 672 1099 725 lauro),

134 747 175 778 et
194 753 327 777 roseus
346 738 478 775 medio
498 739 686 787 surgebat
706 739 853 774 vertice
873 739 1014 773 crinis:

134 806 242 840 cuius
262 815 379 852 quam
399 806 551 838 servata
571 800 638 836 diu
659 804 800 836 natura
820 798 972 844 fuisset,

135 871 214 901 tam
235 866 401 913 patriam
418 863 657 898 incolumem
679 861 763 897 Nisi
779 873 1026 910 regnumque
1043 859 1219 896 futurum

134 926 348 963 concordes
368 924 498 960 stabili
519 924 720 959 firmarant
740 925 902 958 numine
926 922 1080 959 Parcae.
1244 926 1314 959 125

134 1001 228 1038 ergo
248 989 374 1024 omnis
394 999 492 1023 cano
512 985 711 1022 residebat
732 998 823 1021 cura
844 984 997 1034 capillo,

134 1063 250 1087 aurea
269 1048 450 1086 sollemni
471 1053 673 1096 comptum
694 1060 812 1097 quem
834 1047 952 1083 fibula
973 1050 1050 1084 ritu

134 1111 315 1161 crobylus
335 1115 376 1147 et
395 1112 515 1146 tereti
535 1110 753 1146 nectebant
772 1109 895 1146 dente
915 1108 1082 1145 cicadae.

188 1173 272 1210 Nec
293 1185 384 1208 vero
406 1171 502 1208 haec
523 1172 627 1208 urbis
648 1171 826 1208 custodia
845 1184 945 1207 vana
965 1170 1104 1208 fuisset

135 1235 226 1287 (nec
246 1232 404 1283 fuerat),
425 1236 465 1269 ni
486 1233 617 1283 Scylla
637 1246 737 1269 novo
757 1238 937 1282 correpta
957 1232 1100 1278 furore,
1243 1237 1315 1270 130

136 1297 279 1348 Scylla,
292 1299 412 1346 patris
426 1297 555 1332 miseri
569 1298 798 1345 patriaeque
812 1298 975 1332 inventa
987 1295 1252 1344 sepulchrum,

137 1372 158 1395 o
177 1360 341 1394 nimium
362 1357 515 1406 cupidis
536 1357 675 1393 Minon
695 1356 887 1394 inhiasset
905 1356 1049 1393 ocellis.

137 1420 205 1457 sed
225 1419 350 1456 malus
369 1418 435 1455 ille
456 1432 566 1468 puer,
587 1432 705 1468 quern
725 1432 799 1456 nec
818 1432 886 1456 sua
907 1418 1065 1456 flectere
1085 1424 1212 1456 mater

137 1485 279 1518 iratum
299 1483 442 1530 potuit,
463 1493 582 1530 quem
601 1493 675 1517 nec
694 1486 808 1530 pater
826 1485 945 1530 atque
964 1493 1058 1517 avus
1077 1480 1184 1518 idem

139 1544 318 1593 Iuppiter
338 1542 421 1592 (ille
442 1545 563 1578 etiam
585 1542 736 1580 Poenos
756 1542 949 1579 domitare
968 1542 1105 1580 leones
1244 1547 1314 1581 135

138 1611 180 1643 et
198 1604 344 1642 validas
365 1604 500 1641 docuit
520 1606 609 1641 viris
629 1617 904 1642 mansuescere
926 1606 1049 1655 tigris,

182 1706 224 1725 ¹¹⁶
249 1708 443 1736 tum—tum
461 1705 606 1745 Haupt:
630 1708 853 1737 tunc—tunc.

183 1749 226 1768 ¹¹⁸
249 1749 338 1779 icere
361 1748 472 1779 Ellis:
495 1747 608 1779 dicere
631 1748 781 1780 HA1R:
803 1748 928 1780 ducere
951 1748 1031 1780 A²L
1045 1763 1055 1781 .·
1078 1749 1211 1782 deicere
1234 1751 1313 1782 Voll-

141 1802 231 1823 mer:
255 1791 381 1822 reiccre
399 1790 573 1822 Heinsius.
663 1791 707 1810 ¹²⁸
730 1802 814 1822 cano
830 1804 836 1823 :
862 1802 941 1823 caro
956 1792 1082 1823 Aldine
1101 1794 1192 1826 1517.

184 1834 227 1854 ¹²⁸
251 1833 411 1874 crobylus
427 1838 464 1865 et
481 1833 618 1865 Loenaz‘s
631 1844 642 1865 .·
663 1834 879 1875 corpsel(1a)e
895 1845 934 1866 or
949 1835 1110 1867 corselle:
1133 1835 1314 1878 Cecropiae

139 1883 174 1909 et
191 1876 362 1915 Scaliyer:
386 1877 533 1908 morsilis
548 1881 585 1908 et
600 1877 695 1910 Ellis.

183 1920 226 1939 ¹2⁹
249 1919 344 1950 urbis
361 1919 547 1951 Heinsius:
569 1919 677 1951 vobis.
811 1920 854 1939 ¹³⁰
878 1926 994 1952 ruerat
1012 1921 1159 1954 Ribbeck.

184 1963 228 1982 ¹³²
252 1962 369 1993 Minox}
393 1962 570 1994 Bssvlzeler:
594 1962 712 1995 Minoa
728 1963 951 1996 Lachmann:
973 1965 1095 1997 sinon.

184 2006 227 2025 ¹³⁶
251 2005 387 2037 rabidas
403 2006 443 2036 H
444 2016 533 2046 ayne,

142 2054 218 2086 414
