1399 2271
659 78 849 115 VIRGIL

162 165 344 202 omnibus
362 163 563 213 extemplo
582 163 742 201 Teucris
762 166 874 202 iubet
892 164 1030 201 ordine
1049 164 1140 201 duci

162 233 346 267 instratos
364 234 469 266 ostro
488 228 663 278 alipedes
682 231 877 278 pictisque
896 232 1042 279 tapetis
1257 241 1334 266 rma

161 293 295 346 (aurea
313 293 538 343 pectoribus
557 293 726 330 demissa
743 293 904 329 monilia
922 292 1116 342 pendent,

162 361 259 396 tecti
277 371 370 395 auro
389 357 540 395 fulvum
558 357 755 394 mandunt
774 357 846 394 sub
866 357 1053 394 dentibus
1072 356 1240 409 aurum),

160 424 314 460 absenti
334 423 495 460 Aeneae
514 435 670 459 currum
689 424 948 472 geminosque
967 421 1106 471 iugalis
1259 427 1334 460 280

159 490 310 524 semine
328 487 377 523 ab
396 486 587 532 aetherio,
605 488 789 536 spirantis
808 486 967 522 naribus
986 488 1133 535 ignem,

160 552 314 588 illorum
332 551 383 588 de
403 556 538 600 gente,
557 553 659 600 patri
678 563 774 600 quos
794 549 959 587 daedala
979 550 1089 587 Circe

159 618 358 665 supposita
378 615 427 652 de
447 620 572 652 matre
593 614 735 652 nothos
755 614 883 651 furata
902 617 1057 651 creavit.

159 680 300 717 talibus
321 680 533 717 Aeneadae
554 679 666 717 donis
686 679 882 730 dictisque
902 679 1035 717 Latini

158 744 344 781 sublimes
363 746 404 780 in
424 747 533 794 equis
554 743 725 780 redeunt
745 756 963 794 paceinque
983 749 1197 794 reportant.
1257 750 1331 783 285

210 808 313 845 Ecce
331 813 464 845 autem
487 808 656 845 Inachiis
676 821 762 846 sese
781 808 979 846 referebat
998 810 1047 846 ab
1066 809 1183 858 Argis

156 885 270 910 saeva
290 872 391 910 Iovis
411 875 581 910 coniunx
600 885 791 922 aurasque
811 875 967 910 invecta
986 874 1163 919 tenebat,

157 943 198 974 et
215 937 364 975 laetum
384 938 550 974 Aenean
570 937 813 987 classemque
834 950 882 974 ex
901 937 1064 975 aethere
1084 938 1202 988 longe

158 1001 396 1038 Dardaniam
417 1001 547 1038 Siculo
567 1004 769 1051 prospexit
787 1002 836 1038 ab
857 1014 981 1052 usque
1003 1001 1195 1052 PachynO.

154 1063 280 1100 moliri
299 1066 375 1100 iam
395 1068 502 1100 tecta
520 1063 642 1109 videt,
661 1066 738 1100 iam
758 1063 879 1100 fidere
898 1068 1039 1109 terrae,
1255 1070 1330 1108 290

154 1129 372 1165 deseruisse
392 1133 520 1166 rates:
548 1131 663 1165 stetit
681 1131 759 1164 acri
779 1127 853 1164 fixa
872 1127 1017 1165 dolore.

155 1198 239 1228 tum
257 1204 443 1241 quassans
461 1197 580 1241 eaput
598 1191 696 1229 haee
717 1191 884 1229 effundit
903 1197 1064 1241 pectore
1084 1192 1212 1231 dicta:

155 1256 267 1293 “heu
287 1259 451 1306 stirpem
470 1259 634 1293 invisam
654 1261 697 1294 et
715 1256 806 1293 fatis
826 1259 1019 1293 contraria
1038 1260 1180 1295 nostris

153 1320 233 1358 fata
254 1320 453 1370 Phrygum
470 1322 477 1358 !
506 1334 600 1357 num
622 1320 748 1369 Sigeis
769 1321 1001 1357 occumbere
1021 1325 1180 1371 campis,

152 1399 246 1422 num
266 1388 371 1434 eapti
390 1389 554 1434 potuere
575 1386 688 1434 capi?
718 1398 812 1421 num
832 1387 992 1422 incensa
1012 1389 1200 1423 cremavit
1251 1390 1325 1429 295

151 1450 266 1486 Troia
284 1451 412 1486 viros?
440 1449 589 1486 medias
607 1452 710 1486 acies
729 1448 958 1499 mediosque
978 1462 1049 1498 per
1068 1452 1170 1498 ignis

152 1517 339 1551 invenere
358 1516 469 1550 viam.
527 1518 581 1560 at,
601 1513 732 1559 credo,
750 1526 839 1550 mea
858 1516 1021 1550 numina
1040 1513 1203 1551 tandem

151 1578 253 1615 fessa
270 1581 415 1625 iacent,
435 1579 533 1615 odiis
553 1583 622 1616 aut
642 1583 866 1615 exsaturata
885 1581 1026 1629 quievi.

151 1645 245 1692 quin
265 1645 384 1679 etiam
404 1645 530 1692 patria
550 1655 731 1680 excussos
750 1642 896 1679 infesta
914 1656 986 1692 per
1005 1643 1130 1681 undas

150 1720 241 1743 ausa
260 1709 370 1756 sequi
391 1712 432 1744 et
450 1706 626 1756 profugis
646 1711 731 1744 toto
750 1720 814 1744 me
833 1720 1033 1757 opponere
1053 1713 1176 1758 ponto
1194 1722 1202 1747 ε
1251 1714 1326 1747 300

150 1771 379 1820 absumptae
399 1773 439 1807 in
459 1771 629 1808 Teucros
648 1774 748 1808 vires
768 1771 945 1822 caelique
964 1775 1169 1822 marisque.

150 1835 245 1885 quid
264 1835 400 1886 Syrtes
419 1841 487 1872 aut
507 1835 636 1886 Scylla
654 1836 765 1882 mihi,
788 1837 883 1886 quid
902 1842 1011 1874 vasta
1031 1838 1248 1888 Charybdis

320 1926 364 1946 ²⁸¹
388 1926 564 1967 flagrantis
580 1928 616 1958 F.
815 1928 858 1946 ²3⁸
881 1928 982 1969 longo
998 1929 1044 1960 M.

322 1969 366 1989 ²⁹⁵
388 1980 477 2001 nunc
495 1970 587 2011 capti
603 1971 648 2003 :uz
811 1970 854 1990 ³⁹³
877 1972 954 2009 aut]
969 1971 1062 2003 haud
1078 1972 1141 2005 211¹,

151 2018 200 2050 22
