1399 2271
629 64 818 100 VIRGIL

139 154 292 185 tantum
313 149 512 186 infelicem
533 152 696 186 nimium
717 150 858 187 dilexit
877 149 1084 187 amicum.”
1234 154 1310 187 430

140 208 229 244 talia
248 208 353 244 dicta
373 208 503 254 dabat,
524 209 594 245 sed
615 210 758 245 viribus
780 212 882 246 ensis
902 209 1063 246 adactus

138 268 342 304 transabiit
361 273 486 304 costas
507 273 549 304 et
568 268 734 304 candida
753 273 913 316 pectora
933 271 1090 317 rumpit.

138 325 303 362 volvitur
323 326 513 375 Euryalus
534 326 628 371 leto,
648 326 909 376 pulchrosque
930 340 1000 376 per
1019 332 1124 363 artus

138 387 168 420 it
187 397 298 421 cruor
317 387 436 434 inque
457 398 611 422 umeros
631 388 761 421 cervix
782 385 965 434 conlapsa
984 386 1202 423 recumbit:

136 457 352 492 purpureus
372 444 493 480 veluti
514 458 602 480 cum
623 444 689 481 flos
712 447 882 481 succisus
902 450 1030 481 aratro
1231 448 1306 481 435

136 502 356 552 languescit
374 506 556 548 moriens,
577 503 725 540 lassove
744 516 937 553 papavera
958 503 1058 539 collo

135 561 327 598 demisere
348 567 478 610 caput,
498 561 629 611 pluvia
648 575 737 598 cum
758 561 858 598 forte
879 567 1102 611 gravantur.

134 625 175 657 at
194 620 309 656 Nisus
332 623 410 656 ruit
429 623 469 656 in
490 621 653 666 medios,
673 621 876 670 solumque
898 634 967 670 per
987 623 1114 658 omnis

136 679 367 715 Volcentem
387 681 501 727 petit,
522 681 563 714 in
583 679 664 715 solo
688 679 878 716 Volcente
899 684 1082 716 moratur.

134 750 250 786 quem
264 740 407 773 circum
419 737 627 786 glomerati
640 737 774 774 hostes
787 737 879 774 hinc
892 741 1108 774 comminus
1122 743 1240 788 atque

238 802 330 838 hinc
1232 806 1307 838 440

133 856 376 904 proturbant.
434 857 556 891 instat
575 868 655 891 non
676 857 797 892 setius
818 868 862 891 ac
882 860 986 892 rotat
1007 867 1142 892 ensem

133 914 379 959 fulmineum,
398 913 524 950 donec
548 914 681 950 Rutuli
702 914 907 950 clamantis
928 916 968 949 in
988 927 1054 950 ore

133 973 309 1010 condidit
323 973 485 1009 adverso
501 978 543 1009 et
558 975 728 1009 moriens
744 975 914 1008 animam
930 972 1093 1009 abstulit
1110 972 1223 1010 hosti.

132 1038 216 1069 tum
236 1045 352 1081 super
371 1035 596 1068 exanimum
617 1045 703 1069 sese
723 1034 889 1081 proiecit
907 1034 1075 1067 amicum

131 1090 330 1127 confossus
350 1090 581 1139 placidaque
602 1091 655 1126 ibi
675 1090 835 1126 demum
855 1095 982 1126 morte
1002 1092 1162 1140 quievit.
1232 1094 1306 1127 445

183 1149 387 1186 Fortunati
407 1150 521 1185 ambo
536 1150 542 1185 Ξ
575 1152 605 1186 si
625 1149 719 1199 quid
735 1162 822 1186 mea
838 1151 1008 1185 carmina
1023 1153 1202 1198 possunt,

130 1209 236 1245 nulla
255 1208 339 1245 dies
360 1221 544 1258 umquam
565 1210 729 1244 memori
749 1220 815 1244 vos
836 1210 984 1244 eximet
1003 1220 1111 1252 aevo,

130 1268 224 1304 dum
243 1267 381 1303 domus
401 1268 562 1304 Aeneae
584 1266 752 1315 Capitoli
771 1266 971 1302 immobile
993 1279 1127 1302 saxum

129 1325 279 1362 accolet
297 1328 584 1374 imperiumque
604 1331 718 1373 pater
740 1325 935 1361 Romanus
958 1324 1131 1361 habebit.

181 1384 358 1421 Victores
378 1383 523 1433 praeda
545 1383 680 1419 Rutuli
700 1383 910 1432 spoliisque
930 1386 1047 1431 potiti
1230 1388 1306 1420 450

130 1443 363 1480 Volcentem
384 1446 607 1479 exanimum
627 1442 767 1479 flentes
787 1445 827 1477 in
848 1447 973 1478 eastra
992 1441 1185 1478 ferebant..

130 1515 202 1539 nec
221 1506 347 1538 minor
366 1505 407 1538 in
428 1504 562 1538 castris
582 1501 712 1537 luctus
735 1501 956 1537 Rhamnete
978 1506 1135 1550 reperto

129 1564 317 1609 exsangui
338 1566 379 1598 et
399 1563 532 1610 primis
552 1573 630 1596 una
651 1564 711 1596 tot
731 1559 851 1596 caede
873 1562 1101 1608 peremptis,

129 1619 372 1669 Serranoque
395 1620 612 1668 Numaque.
657 1621 798 1667 ingens
818 1631 1027 1654 concursus
1046 1618 1095 1653 ad
1116 1620 1198 1666 ipsa

129 1691 288 1727 corpora
307 1681 593 1728 seminecisque
614 1680 713 1713 viros
734 1677 947 1726 tepidaque
968 1682 1171 1713 recentem
1228 1682 1302 1714 455

129 1737 249 1774 caede
270 1737 398 1773 locum
419 1742 459 1773 et
479 1737 616 1786 plenos
636 1737 834 1784 spumanti
854 1737 1046 1783 sanguine
1066 1737 1176 1771 rivos.

173 1800 216 1819 ³³²
238 1800 447 1832 transadibit
463 1800 533 1831 211¹:
557 1799 765 1840 transadigit
781 1799 894 1837 MssPy.
944 1799 1039 1840 rupit
1056 1799 1093 1830 R.

173 1843 215 1862 ²⁴³
239 1843 348 1874 hostis
365 1844 417 1874 ΡΞ.

177 1886 219 1904 ⁴⁵⁵
243 1886 395 1926 tepidam
427 1885 495 1916 w:
534 1884 690 1926 tepidum
724 1884 885 1923 M=PR71‚
925 1883 1041 1915 known
1077 1888 1108 1914 to
1146 1882 1298 1916 Servius.

130 1928 247 1992 tepbigla
262 1928 508 2003 {7²bc,⁴11§l'}2)·²t·iu3.
559 1928 687 2002 recertiti
703 1925 1120 2003 ZffikkvgzzgziaeServiua

239 1982 261 2013 p
277 1982 339 2003 eno
364 1985 366 1989 ¹
436 1995 445 2004 .
494 1982 639 2013 spuman
659 1981 687 2002 is
800 1994 810 2009 ,

134 2020 204 2054 142
