1399 2271
599 68 790 105 VIRGIL

109 155 374 205 Thucydides,
394 160 585 205 tyrannus
606 155 764 191 Atticae
784 154 904 191 febris
927 167 935 191 ε

111 215 176 245 tau
197 208 406 254 Gallicum,
426 211 508 244 min
529 214 570 245 et
588 208 706 257 sphin
725 213 770 244 ut
787 207 890 245 male
909 207 1032 254 illisit,

111 266 163 298 ita
183 264 313 299 omnia
332 265 407 298 ista
428 263 544 298 verba
562 264 720 298 miscuit
738 261 860 298 fratri.
1260 263 1281 297 6

697 381 757 418 ΙΙΙ

115 472 265 516 ΑεΡισΕ,
285 483 403 520 quem
424 469 551 506 valido
571 470 780 506 subnixum
802 468 935 505 Gloria
953 481 1075 517 regno

164 524 281 561 altius
302 530 343 561 et
362 523 460 561 caeli
479 523 638 560 sedibus
658 522 878 560 extulerat:

116 584 305 615 terrarum
326 577 389 614 hic
408 577 513 614 bello
532 590 720 626 magnum
741 580 990 613 concusserat
1009 575 1157 620 orbem,

166 632 230 668 hic
249 644 363 680 reges
384 632 500 668 Asiae
521 630 708 679 fregerat,
727 630 791 666 hie
811 629 998 678 populos;

115 686 177 722 hic
196 698 314 734 grave
334 687 537 722 servitium
557 685 630 720 tibi
649 687 739 728 iam,
759 684 845 728 tibi,
869 683 1001 727 Roma,
1021 681 1176 718 ferebat

169 741 317 787 (cetera
335 750 506 787 namque
525 740 597 773 viri
616 737 779 786 cuspide
799 735 1068 784 conciderant)
1086 749 1093 771 :

115 806 203 830 cum
223 793 354 829 subito
374 794 415 828 in
433 791 565 828 medio
584 803 714 828 rerum
735 792 950 827 certamine
970 801 1158 839 praeceps

167 848 325 890 corruit,
346 858 367 882 e
387 848 512 894 patria
531 844 666 894 pulsus
685 846 726 880 in
747 844 917 880 exilium.

116 900 194 937 tale
215 899 313 936 deae
333 912 495 944 numen,
514 898 584 935 tali
603 897 783 934 mortalia
801 902 901 933 nutu

167 952 286 990 fallax
304 957 508 989 momento
527 954 715 1001 temporis
735 951 829 987 hora
847 950 971 987 dedit.
1244 953 1290 985 10

677 1072 732 1109 IV

118 1163 367 1210 QUOCUMQUE
386 1164 442 1198 ire
463 1160 598 1198 ferunt
617 1162 745 1196 variae
765 1172 835 1196 nos
854 1164 1033 1208 tempora
1052 1160 1171 1203 vitae,

169 1223 335 1266 tangere
355 1228 450 1266 quas
470 1220 593 1252 terras
612 1226 787 1264 quosque
806 1213 941 1250 videre
960 1212 1154 1257 homines,

118 1271 351 1319 dispeream,
371 1271 403 1306 si
422 1274 463 1305 te
483 1268 604 1304 fuerit
621 1267 719 1303 mihi
739 1269 861 1303 carior
880 1266 991 1302 alter.

169 1323 271 1360 alter
290 1325 395 1360 enim
416 1324 502 1372 quis
522 1327 562 1358 te
584 1320 734 1358 dulcior
753 1333 838 1357 esse
858 1324 1004 1369 potest,

174 1416 221 1448 ΙΙ.
249 1416 263 1436 ⁸
287 1416 471 1458 tyrannus]
487 1415 747 1453 bri(t)tan(n)us
764 1414 861 1444 MSS.
881 1412 923 1453 os
933 1411 1133 1451 Quintilian.

176 1460 189 1479 ⁴
212 1460 283 1491 min
310 1463 346 1491 et.
371 1460 447 1500 spin
475 1462 511 1489 et
538 1457 730 1488 Baehrens:
754 1456 844 1488 enim
869 1460 904 1487 et
923 1456 1048 1497 spin(e)
1073 1460 1109 1487 et,
1133 1456 1228 1486 MSS.
1260 1455 1298 1494 ο]

122 1503 335 1543 Quintilian:
356 1502 402 1532 mi
426 1507 462 1532 et
484 1501 561 1542 psin
586 1504 621 1532 et
646 1500 698 1531 B:
720 1500 791 1530 min
812 1502 849 1531 et
868 1499 945 1540 psin
963 1502 998 1530 et
1015 1499 1062 1531 H.
1111 1498 1226 1529 illisit
1242 1497 1294 1529 R.-

120 1552 154 1577 et,
174 1546 296 1577 “male
313 1544 362 1576 illi
381 1544 456 1576 siff
475 1544 569 1575 Ellis.

174 1590 186 1608 ⁵
211 1589 261 1620 ita
277 1599 315 1620 or
330 1588 399 1619 ista
414 1588 510 1618 MSS.
523 1600 533 1619 .·
556 1587 607 1618 ita
623 1587 718 1617 MSS.
740 1585 781 1625 of
793 1584 993 1624 Quintilian.

175 1631 242 1663 ΠΙ.
268 1631 281 1650 ⁵
303 1631 368 1662 tibi
385 1630 531 1670 (second)
547 1629 683 1660 omitted
699 1628 739 1665 B,
763 1628 858 1659 hence
881 1628 1034 1659 Romane
1050 1626 1248 1667 (Bz'icheler).

178 1676 190 1693 ⁹
213 1678 301 1706 nutu
318 1679 364 1706 n:
388 1674 459 1705 ritu
478 1673 622 1712 Haupt:
644 1676 740 1702 motu
757 1671 938 1702 Baehrens.

163 1718 190 1737 ¹⁰
213 1717 312 1749 dedit,
346 1722 392 1749 n:
426 1715 546 1747 adedit
580 1714 787 1746 Sabbadini:
818 1714 901 1745 ferit
939 1713 1110 1744 Baehrens
1121 1723 1132 1744 .·
1168 1713 1294 1755 premit

121 1760 280 1792 Ruhnken
293 1770 304 1791 .·
326 1760 411 1791 terit
427 1759 523 1790 Ellis.

173 1804 235 1835 IV.
266 1803 279 1822 ⁴
301 1803 378 1844 quis
394 1812 439 1834 u:
461 1802 518 1843 qui
537 1801 629 1833 other
645 1801 741 1832 MSS.

157 1889 171 1910 ²
195 1890 230 1921 It
257 1890 286 1920 is
310 1888 486 1930 generally
510 1887 681 1929 supposed
709 1887 789 1918 that
813 1886 873 1918 the
893 1886 1045 1928 pertrait
1066 1897 1158 1928 upon
1181 1886 1291 1917 which

119 1934 188 1964 this
212 1943 311 1974 poem
337 1933 365 1963 is
392 1931 494 1962 based
521 1942 590 1962 was
615 1941 678 1961 one
705 1930 740 1960 of
765 1929 961 1961 Alexander
983 1929 1041 1961 the
1059 1930 1174 1960 Great.
1224 1929 1294 1960 But

119 1977 186 2007 line
217 1977 235 2006 8
267 1975 383 2006 makes
411 1975 481 2006 this
515 1973 782 2015 interpretation
817 1972 1042 2014 improbable,
1076 1972 1129 2004 for
1161 1972 1291 2015 though

120 2025 192 2058 488
