<?xml version="1.0" encoding="UTF-8"?>
<!DOCTYPE html PUBLIC "-//W3C//DTD XHTML 1.0 Transitional//EN"
    "http://www.w3.org/TR/xhtml1/DTD/xhtml1-transitional.dtd">
<html xmlns="http://www.w3.org/1999/xhtml" xml:lang="en" lang="en">
 <head>
  <title>
</title>
<meta http-equiv="Content-Type" content="text/html;charset=utf-8" />
  <meta name='ocr-system' content='tesseract 3.04.00' />
  <meta name='ocr-capabilities' content='ocr_page ocr_carea ocr_par ocr_line ocrx_word'/>
</head>
<body>
  <div class='ocr_page' id='page_1' title='image "./virgilwithenglis02virg_0232.png"; bbox 0 0 1399 2271; ppageno 0'>
   <div class='ocr_carea' id='block_1_1' title="bbox 645 83 831 120">
    <p class='ocr_par' dir='ltr' id='par_1_1' title="bbox 645 83 831 120">
     <span class='ocr_line' id='line_1_1' title="bbox 645 83 831 120; baseline 0.016 -2"><span class='ocrx_word' id='word_1_1' title='bbox 645 83 831 120; x_wconf 80' lang='lat' dir='ltr'>VIRGIL</span> 
     </span>
    </p>
   </div>
   <div class='ocr_carea' id='block_1_2' title="bbox 149 170 1326 1825">
    <p class='ocr_par' dir='ltr' id='par_1_2' title="bbox 150 170 1315 220">
     <span class='ocr_line' id='line_1_2' title="bbox 150 170 1315 220; baseline 0 -12"><span class='ocrx_word' id='word_1_2' title='bbox 150 172 255 208; x_wconf 87' lang='lat' dir='ltr'><strong>hunc</strong></span> <span class='ocrx_word' id='word_1_3' title='bbox 274 172 341 207; x_wconf 89' lang='lat' dir='ltr'><strong>ubi</strong></span> <span class='ocrx_word' id='word_1_4' title='bbox 360 173 595 207; x_wconf 84' lang='lat' dir='ltr'>miscentem</span> <span class='ocrx_word' id='word_1_5' title='bbox 615 170 731 220; x_wconf 85' lang='lat' dir='ltr'><strong>longe</strong></span> <span class='ocrx_word' id='word_1_6' title='bbox 751 170 881 207; x_wconf 85' lang='lat' dir='ltr'><strong>media</strong></span> <span class='ocrx_word' id='word_1_7' title='bbox 899 173 1056 220; x_wconf 84' lang='lat' dir='ltr'>agmina</span> <span class='ocrx_word' id='word_1_8' title='bbox 1075 171 1186 217; x_wconf 80' lang='lat' dir='ltr'><strong>vidit,</strong></span> <span class='ocrx_word' id='word_1_9' title='bbox 1245 173 1315 211; x_wconf 76' lang='lat'><strong>721</strong></span> 
     </span>
    </p>

    <p class='ocr_par' dir='ltr' id='par_1_3' title="bbox 150 227 1093 274">
     <span class='ocr_line' id='line_1_3' title="bbox 150 227 1093 274; baseline 0 -13"><span class='ocrx_word' id='word_1_10' title='bbox 150 238 391 274; x_wconf 88' lang='lat' dir='ltr'><strong>purpureum</strong></span> <span class='ocrx_word' id='word_1_11' title='bbox 411 227 542 273; x_wconf 84' lang='lat' dir='ltr'><strong>pinnis</strong></span> <span class='ocrx_word' id='word_1_12' title='bbox 561 229 604 261; x_wconf 90' lang='lat' dir='ltr'><strong>et</strong></span> <span class='ocrx_word' id='word_1_13' title='bbox 623 230 760 273; x_wconf 83' lang='lat' dir='ltr'><strong>pactae</strong></span> <span class='ocrx_word' id='word_1_14' title='bbox 781 227 956 274; x_wconf 82' lang='lat' dir='ltr'><strong>coniugis</strong></span> <span class='ocrx_word' id='word_1_15' title='bbox 976 230 1093 269; x_wconf 85' lang='lat' dir='ltr'><strong>ostro,</strong></span> 
     </span>
    </p>

    <p class='ocr_par' dir='ltr' id='par_1_4' title="bbox 149 277 1165 328">
     <span class='ocr_line' id='line_1_4' title="bbox 149 277 1165 328; baseline 0 -13"><span class='ocrx_word' id='word_1_16' title='bbox 149 282 340 328; x_wconf 88' lang='lat' dir='ltr'><strong>impastus</strong></span> <span class='ocrx_word' id='word_1_17' title='bbox 360 278 513 315; x_wconf 87' lang='lat' dir='ltr'><strong>stabula</strong></span> <span class='ocrx_word' id='word_1_18' title='bbox 531 277 611 314; x_wconf 89' lang='lat' dir='ltr'><strong>alta</strong></span> <span class='ocrx_word' id='word_1_19' title='bbox 630 277 692 314; x_wconf 93' lang='lat' dir='ltr'><strong>leo</strong></span> <span class='ocrx_word' id='word_1_20' title='bbox 711 291 782 314; x_wconf 90' lang='lat' dir='ltr'><strong>ceu</strong></span> <span class='ocrx_word' id='word_1_21' title='bbox 803 291 920 327; x_wconf 89' lang='lat' dir='ltr'><strong>saepe</strong></span> <span class='ocrx_word' id='word_1_22' title='bbox 941 291 1165 328; x_wconf 85' lang='lat' dir='ltr'><strong>peragrans,</strong></span> 
     </span>
    </p>

    <p class='ocr_par' dir='ltr' id='par_1_5' title="bbox 150 330 1128 383">
     <span class='ocr_line' id='line_1_5' title="bbox 150 330 1128 383; baseline -0.001 -15"><span class='ocrx_word' id='word_1_23' title='bbox 150 331 308 383; x_wconf 87' lang='lat' dir='ltr'><strong>(suadet</strong></span> <span class='ocrx_word' id='word_1_24' title='bbox 327 334 433 368; x_wconf 90' lang='lat' dir='ltr'><strong>enim</strong></span> <span class='ocrx_word' id='word_1_25' title='bbox 453 344 596 368; x_wconf 85' lang='lat' dir='ltr'><strong>vesana</strong></span> <span class='ocrx_word' id='word_1_26' title='bbox 615 330 756 382; x_wconf 88' lang='lat' dir='ltr'><strong>fames)</strong></span> <span class='ocrx_word' id='word_1_27' title='bbox 775 334 805 367; x_wconf 92' lang='lat' dir='ltr'><strong>si</strong></span> <span class='ocrx_word' id='word_1_28' title='bbox 826 331 927 368; x_wconf 87' lang='lat' dir='ltr'><strong>forte</strong></span> <span class='ocrx_word' id='word_1_29' title='bbox 947 332 1128 380; x_wconf 86' lang='lat' dir='ltr'><strong>fugacem</strong></span> 
     </span>
    </p>

    <p class='ocr_par' dir='ltr' id='par_1_6' title="bbox 150 387 1262 434">
     <span class='ocr_line' id='line_1_6' title="bbox 150 387 1262 434; baseline 0 -12"><span class='ocrx_word' id='word_1_30' title='bbox 150 388 356 434; x_wconf 73' lang='lat' dir='ltr'>conspexit</span> <span class='ocrx_word' id='word_1_31' title='bbox 368 398 549 434; x_wconf 81' lang='lat' dir='ltr'><strong>capream</strong></span> <span class='ocrx_word' id='word_1_32' title='bbox 560 390 629 421; x_wconf 87' lang='lat' dir='ltr'><strong>aut</strong></span> <span class='ocrx_word' id='word_1_33' title='bbox 641 390 870 433; x_wconf 81' lang='lat' dir='ltr'><strong>surgentem</strong></span> <span class='ocrx_word' id='word_1_34' title='bbox 883 387 922 421; x_wconf 88' lang='lat' dir='ltr'><strong>in</strong></span> <span class='ocrx_word' id='word_1_35' title='bbox 936 398 1079 421; x_wconf 89' lang='lat' dir='ltr'><strong>cornua</strong></span> <span class='ocrx_word' id='word_1_36' title='bbox 1091 399 1262 432; x_wconf 88' lang='lat' dir='ltr'><strong>cervum,</strong></span> 
     </span>
    </p>

    <p class='ocr_par' dir='ltr' id='par_1_7' title="bbox 151 438 1322 489">
     <span class='ocr_line' id='line_1_7' title="bbox 151 438 1322 489; baseline 0 -13"><span class='ocrx_word' id='word_1_37' title='bbox 151 439 312 489; x_wconf 75' lang='lat' dir='ltr'><strong>gaudet,</strong></span> <span class='ocrx_word' id='word_1_38' title='bbox 326 439 436 475; x_wconf 80' lang='lat' dir='ltr'><strong>hians</strong></span> <span class='ocrx_word' id='word_1_39' title='bbox 449 442 633 483; x_wconf 83' lang='lat' dir='ltr'><strong>immane,</strong></span> <span class='ocrx_word' id='word_1_40' title='bbox 647 451 854 488; x_wconf 78' lang='lat' dir='ltr'>comasque</span> <span class='ocrx_word' id='word_1_41' title='bbox 866 441 1012 475; x_wconf 86' lang='lat' dir='ltr'><strong>arrexit</strong></span> <span class='ocrx_word' id='word_1_42' title='bbox 1024 444 1065 475; x_wconf 89' lang='lat' dir='ltr'><strong>et</strong></span> <span class='ocrx_word' id='word_1_43' title='bbox 1078 439 1216 477; x_wconf 80' lang='lat' dir='ltr'><strong>haeret</strong></span> <span class='ocrx_word' id='word_1_44' title='bbox 1248 438 1322 478; x_wconf 72' lang='lat'><strong>7⁶26</strong></span> 
     </span>
    </p>

    <p class='ocr_par' dir='ltr' id='par_1_8' title="bbox 151 492 1219 541">
     <span class='ocr_line' id='line_1_8' title="bbox 151 492 1219 541; baseline 0.001 -12"><span class='ocrx_word' id='word_1_45' title='bbox 151 494 362 529; x_wconf 80' lang='lat' dir='ltr'><strong>visceribus</strong></span> <span class='ocrx_word' id='word_1_46' title='bbox 381 505 498 541; x_wconf 87' lang='lat' dir='ltr'><strong>super</strong></span> <span class='ocrx_word' id='word_1_47' title='bbox 518 493 762 537; x_wconf 87' lang='lat' dir='ltr'><strong>incumbens,</strong></span> <span class='ocrx_word' id='word_1_48' title='bbox 782 492 876 528; x_wconf 89' lang='lat' dir='ltr'><strong>lavit</strong></span> <span class='ocrx_word' id='word_1_49' title='bbox 896 493 1071 541; x_wconf 86' lang='lat' dir='ltr'><strong>improba</strong></span> <span class='ocrx_word' id='word_1_50' title='bbox 1090 498 1219 530; x_wconf 85' lang='lat' dir='ltr'><strong>taeter</strong></span> 
     </span>
    </p>

    <p class='ocr_par' dir='ltr' id='par_1_9' title="bbox 151 559 371 583">
     <span class='ocr_line' id='line_1_9' title="bbox 151 559 371 583; baseline -0.005 0"><span class='ocrx_word' id='word_1_51' title='bbox 151 560 217 583; x_wconf 90' lang='lat' dir='ltr'><strong>ora</strong></span> <span class='ocrx_word' id='word_1_52' title='bbox 236 559 349 583; x_wconf 86' lang='lat' dir='ltr'><strong>cruor</strong></span> <span class='ocrx_word' id='word_1_53' title='bbox 364 559 371 583; x_wconf 92' lang='lat'>:</span> 
     </span>
    </p>

    <p class='ocr_par' dir='ltr' id='par_1_10' title="bbox 150 598 1070 637">
     <span class='ocr_line' id='line_1_10' title="bbox 150 598 1070 637; baseline -0.001 0"><span class='ocrx_word' id='word_1_54' title='bbox 150 603 204 637; x_wconf 92' lang='lat' dir='ltr'><strong>sic</strong></span> <span class='ocrx_word' id='word_1_55' title='bbox 224 603 303 636; x_wconf 90' lang='lat' dir='ltr'><strong>ruit</strong></span> <span class='ocrx_word' id='word_1_56' title='bbox 322 602 362 636; x_wconf 92' lang='lat' dir='ltr'><strong>in</strong></span> <span class='ocrx_word' id='word_1_57' title='bbox 382 599 524 636; x_wconf 88' lang='lat' dir='ltr'><strong>densos</strong></span> <span class='ocrx_word' id='word_1_58' title='bbox 544 598 673 635; x_wconf 85' lang='lat' dir='ltr'><strong>alacer</strong></span> <span class='ocrx_word' id='word_1_59' title='bbox 693 599 917 636; x_wconf 80' lang='lat' dir='ltr'><strong>Mezentius</strong></span> <span class='ocrx_word' id='word_1_60' title='bbox 937 599 1070 636; x_wconf 88' lang='lat' dir='ltr'><strong>hostis.</strong></span> 
     </span>
    </p>

    <p class='ocr_par' dir='ltr' id='par_1_11' title="bbox 151 652 1324 692">
     <span class='ocr_line' id='line_1_11' title="bbox 151 652 1324 692; baseline -0.001 -1"><span class='ocrx_word' id='word_1_61' title='bbox 151 657 341 691; x_wconf 83' lang='lat' dir='ltr'><strong>sternitur</strong></span> <span class='ocrx_word' id='word_1_62' title='bbox 359 653 497 689; x_wconf 80' lang='lat' dir='ltr'><strong>infelix</strong></span> <span class='ocrx_word' id='word_1_63' title='bbox 518 653 650 688; x_wconf 89' lang='lat' dir='ltr'><strong>Acron</strong></span> <span class='ocrx_word' id='word_1_64' title='bbox 669 657 711 689; x_wconf 84' lang='lat' dir='ltr'><strong>et</strong></span> <span class='ocrx_word' id='word_1_65' title='bbox 730 652 899 689; x_wconf 82' lang='lat' dir='ltr'><strong>calcibus</strong></span> <span class='ocrx_word' id='word_1_66' title='bbox 918 658 1043 689; x_wconf 89' lang='lat' dir='ltr'><strong>atram</strong></span> <span class='ocrx_word' id='word_1_67' title='bbox 1249 656 1324 692; x_wconf 82' lang='lat'><strong>730</strong></span> 
     </span>
    </p>

    <p class='ocr_par' dir='ltr' id='par_1_12' title="bbox 151 706 1234 756">
     <span class='ocr_line' id='line_1_12' title="bbox 151 706 1234 756; baseline 0 -12"><span class='ocrx_word' id='word_1_68' title='bbox 151 708 286 744; x_wconf 87' lang='lat' dir='ltr'><strong>tundit</strong></span> <span class='ocrx_word' id='word_1_69' title='bbox 298 707 462 743; x_wconf 92' lang='lat' dir='ltr'><strong>humum</strong></span> <span class='ocrx_word' id='word_1_70' title='bbox 476 709 676 754; x_wconf 72' lang='lat' dir='ltr'><strong>exspirans</strong></span> <span class='ocrx_word' id='word_1_71' title='bbox 690 706 935 756; x_wconf 86' lang='lat' dir='ltr'><strong>infractaque</strong></span> <span class='ocrx_word' id='word_1_72' title='bbox 948 706 1028 743; x_wconf 83' lang='lat' dir='ltr'><strong>tela</strong></span> <span class='ocrx_word' id='word_1_73' title='bbox 1041 712 1234 744; x_wconf 86' lang='lat' dir='ltr'><strong>cruentat.</strong></span> 
     </span>
    </p>

    <p class='ocr_par' dir='ltr' id='par_1_13' title="bbox 151 759 1324 811">
     <span class='ocr_line' id='line_1_13' title="bbox 151 759 1324 811; baseline 0 -14"><span class='ocrx_word' id='word_1_74' title='bbox 151 767 270 811; x_wconf 85' lang='lat' dir='ltr'><strong>atque</strong></span> <span class='ocrx_word' id='word_1_75' title='bbox 284 761 389 797; x_wconf 89' lang='lat' dir='ltr'><strong>idem</strong></span> <span class='ocrx_word' id='word_1_76' title='bbox 402 760 625 809; x_wconf 78' lang='lat' dir='ltr'><strong>fugientem</strong></span> <span class='ocrx_word' id='word_1_77' title='bbox 638 759 743 795; x_wconf 88' lang='lat' dir='ltr'><strong>haud</strong></span> <span class='ocrx_word' id='word_1_78' title='bbox 757 765 817 796; x_wconf 84' lang='lat' dir='ltr'><strong>est</strong></span> <span class='ocrx_word' id='word_1_79' title='bbox 830 760 1015 809; x_wconf 85' lang='lat' dir='ltr'><strong>dignatus</strong></span> <span class='ocrx_word' id='word_1_80' title='bbox 1029 759 1190 797; x_wconf 83' lang='lat' dir='ltr'><strong>Oroden</strong></span> <span class='ocrx_word' id='word_1_81' title='bbox 1220 773 1324 797; x_wconf 77' lang='lat' dir='ltr'><strong>Mpnv</strong></span> 
     </span>
    </p>

    <p class='ocr_par' dir='ltr' id='par_1_14' title="bbox 151 813 1197 862">
     <span class='ocr_line' id='line_1_14' title="bbox 151 813 1197 862; baseline -0.001 -11"><span class='ocrx_word' id='word_1_82' title='bbox 151 820 328 852; x_wconf 81' lang='lat' dir='ltr'><strong>sternere</strong></span> <span class='ocrx_word' id='word_1_83' title='bbox 349 827 422 850; x_wconf 91' lang='lat' dir='ltr'><strong>nec</strong></span> <span class='ocrx_word' id='word_1_84' title='bbox 442 817 543 849; x_wconf 85' lang='lat' dir='ltr'><strong>iacta</strong></span> <span class='ocrx_word' id='word_1_85' title='bbox 563 826 722 849; x_wconf 87' lang='lat' dir='ltr'><strong>caecum</strong></span> <span class='ocrx_word' id='word_1_86' title='bbox 741 813 834 849; x_wconf 84' lang='lat' dir='ltr'><strong>dare</strong></span> <span class='ocrx_word' id='word_1_87' title='bbox 855 813 1016 862; x_wconf 83' lang='lat' dir='ltr'><strong>cuspide</strong></span> <span class='ocrx_word' id='word_1_88' title='bbox 1036 814 1197 858; x_wconf 86' lang='lat' dir='ltr'><strong>volnus;</strong></span> 
     </span>
    </p>

    <p class='ocr_par' dir='ltr' id='par_1_15' title="bbox 151 867 1053 916">
     <span class='ocr_line' id='line_1_15' title="bbox 151 867 1053 916; baseline -0.002 -11"><span class='ocrx_word' id='word_1_89' title='bbox 151 870 286 905; x_wconf 89' lang='lat' dir='ltr'><strong>obvius</strong></span> <span class='ocrx_word' id='word_1_90' title='bbox 306 867 547 916; x_wconf 84' lang='lat' dir='ltr'><strong>adversoque</strong></span> <span class='ocrx_word' id='word_1_91' title='bbox 567 869 737 903; x_wconf 83' lang='lat' dir='ltr'><strong>occurrit</strong></span> <span class='ocrx_word' id='word_1_92' title='bbox 755 879 876 916; x_wconf 88' lang='lat' dir='ltr'><strong>seque</strong></span> <span class='ocrx_word' id='word_1_93' title='bbox 896 870 977 903; x_wconf 86' lang='lat' dir='ltr'><strong>viro</strong></span> <span class='ocrx_word' id='word_1_94' title='bbox 996 870 1053 903; x_wconf 88' lang='lat' dir='ltr'><strong>vir</strong></span> 
     </span>
    </p>

    <p class='ocr_par' dir='ltr' id='par_1_16' title="bbox 151 920 1323 966">
     <span class='ocr_line' id='line_1_16' title="bbox 151 920 1323 966; baseline 0 -8"><span class='ocrx_word' id='word_1_95' title='bbox 151 921 333 966; x_wconf 85' lang='lat' dir='ltr'><strong>contulit,</strong></span> <span class='ocrx_word' id='word_1_96' title='bbox 354 920 458 957; x_wconf 87' lang='lat' dir='ltr'><strong>haud</strong></span> <span class='ocrx_word' id='word_1_97' title='bbox 480 920 583 956; x_wconf 86' lang='lat' dir='ltr'><strong>furto</strong></span> <span class='ocrx_word' id='word_1_98' title='bbox 603 920 742 956; x_wconf 87' lang='lat' dir='ltr'><strong>melior</strong></span> <span class='ocrx_word' id='word_1_99' title='bbox 760 921 829 957; x_wconf 89' lang='lat' dir='ltr'><strong>sed</strong></span> <span class='ocrx_word' id='word_1_100' title='bbox 849 921 1015 957; x_wconf 85' lang='lat' dir='ltr'><strong>fortibus</strong></span> <span class='ocrx_word' id='word_1_101' title='bbox 1034 924 1160 957; x_wconf 87' lang='lat' dir='ltr'><strong>armis.</strong></span> <span class='ocrx_word' id='word_1_102' title='bbox 1250 924 1323 961; x_wconf 81' lang='lat'><strong>735</strong></span> 
     </span>
    </p>

    <p class='ocr_par' dir='ltr' id='par_1_17' title="bbox 152 974 1209 1024">
     <span class='ocr_line' id='line_1_17' title="bbox 152 974 1209 1024; baseline -0.001 -12"><span class='ocrx_word' id='word_1_103' title='bbox 152 981 236 1012; x_wconf 87' lang='lat' dir='ltr'><strong>tum</strong></span> <span class='ocrx_word' id='word_1_104' title='bbox 256 988 372 1024; x_wconf 87' lang='lat' dir='ltr'><strong>super</strong></span> <span class='ocrx_word' id='word_1_105' title='bbox 392 976 589 1010; x_wconf 82' lang='lat' dir='ltr'><strong>abiectum</strong></span> <span class='ocrx_word' id='word_1_106' title='bbox 610 976 737 1022; x_wconf 87' lang='lat' dir='ltr'><strong>posito</strong></span> <span class='ocrx_word' id='word_1_107' title='bbox 757 974 860 1022; x_wconf 83' lang='lat' dir='ltr'><strong>pede</strong></span> <span class='ocrx_word' id='word_1_108' title='bbox 880 977 992 1010; x_wconf 82' lang='lat' dir='ltr'><strong>nixus</strong></span> <span class='ocrx_word' id='word_1_109' title='bbox 1014 980 1055 1010; x_wconf 90' lang='lat' dir='ltr'><strong>et</strong></span> <span class='ocrx_word' id='word_1_110' title='bbox 1074 975 1209 1011; x_wconf 81' lang='lat' dir='ltr'><strong>hasta:</strong></span> 
     </span>
    </p>

    <p class='ocr_par' dir='ltr' id='par_1_18' title="bbox 153 1027 1275 1078">
     <span class='ocr_line' id='line_1_18' title="bbox 153 1027 1275 1078; baseline 0 -13"><span class='ocrx_word' id='word_1_111' title='bbox 153 1034 176 1050; x_wconf 86' lang='lat'><em>“</em></span> <span class='ocrx_word' id='word_1_112' title='bbox 189 1041 276 1078; x_wconf 89' lang='lat' dir='ltr'><strong>pars</strong></span> <span class='ocrx_word' id='word_1_113' title='bbox 289 1028 384 1064; x_wconf 88' lang='lat' dir='ltr'><strong>belli</strong></span> <span class='ocrx_word' id='word_1_114' title='bbox 396 1027 500 1064; x_wconf 89' lang='lat' dir='ltr'><strong>haud</strong></span> <span class='ocrx_word' id='word_1_115' title='bbox 515 1027 744 1071; x_wconf 88' lang='lat' dir='ltr'><strong>temnenda,</strong></span> <span class='ocrx_word' id='word_1_116' title='bbox 757 1029 840 1072; x_wconf 87' lang='lat' dir='ltr'><strong>viri,</strong></span> <span class='ocrx_word' id='word_1_117' title='bbox 852 1030 956 1064; x_wconf 89' lang='lat' dir='ltr'><strong>iacet</strong></span> <span class='ocrx_word' id='word_1_118' title='bbox 967 1027 1070 1064; x_wconf 88' lang='lat' dir='ltr'><strong>altus</strong></span> <span class='ocrx_word' id='word_1_119' title='bbox 1084 1028 1275 1065; x_wconf 86' lang='lat' dir='ltr'><strong>Orodes.’&#39;</strong></span> 
     </span>
    </p>

    <p class='ocr_par' dir='ltr' id='par_1_19' title="bbox 151 1080 1003 1129">
     <span class='ocr_line' id='line_1_19' title="bbox 151 1080 1003 1129; baseline -0.002 -11"><span class='ocrx_word' id='word_1_120' title='bbox 151 1082 400 1119; x_wconf 83' lang='lat' dir='ltr'><strong>conclamant</strong></span> <span class='ocrx_word' id='word_1_121' title='bbox 419 1083 512 1118; x_wconf 92' lang='lat' dir='ltr'><strong>socii</strong></span> <span class='ocrx_word' id='word_1_122' title='bbox 530 1080 679 1117; x_wconf 87' lang='lat' dir='ltr'><strong>laetum</strong></span> <span class='ocrx_word' id='word_1_123' title='bbox 699 1093 848 1129; x_wconf 88' lang='lat' dir='ltr'><strong>paeana</strong></span> <span class='ocrx_word' id='word_1_124' title='bbox 867 1083 1003 1117; x_wconf 89' lang='lat' dir='ltr'><strong>secuti.</strong></span> 
     </span>
    </p>

    <p class='ocr_par' dir='ltr' id='par_1_20' title="bbox 152 1135 1297 1184">
     <span class='ocr_line' id='line_1_20' title="bbox 152 1135 1297 1184; baseline 0 -12"><span class='ocrx_word' id='word_1_125' title='bbox 152 1136 218 1172; x_wconf 89' lang='lat' dir='ltr'><strong>ille</strong></span> <span class='ocrx_word' id='word_1_126' title='bbox 230 1141 365 1172; x_wconf 88' lang='lat' dir='ltr'><strong>autem</strong></span> <span class='ocrx_word' id='word_1_127' title='bbox 378 1137 579 1183; x_wconf 85' lang='lat' dir='ltr'><strong>exspirans</strong></span> <span class='ocrx_word' id='word_1_128' title='bbox 593 1147 600 1170; x_wconf 93' lang='lat'>:</span> <span class='ocrx_word' id='word_1_129' title='bbox 629 1138 739 1170; x_wconf 88' lang='lat' dir='ltr'><strong>“non</strong></span> <span class='ocrx_word' id='word_1_130' title='bbox 751 1147 829 1180; x_wconf 91' lang='lat' dir='ltr'><strong>me,</strong></span> <span class='ocrx_word' id='word_1_131' title='bbox 841 1137 1078 1184; x_wconf 90' lang='lat' dir='ltr'><strong>quicumque</strong></span> <span class='ocrx_word' id='word_1_132' title='bbox 1091 1148 1144 1180; x_wconf 89' lang='lat' dir='ltr'><strong>es,</strong></span> <span class='ocrx_word' id='word_1_133' title='bbox 1159 1135 1297 1180; x_wconf 91' lang='lat' dir='ltr'><strong>inulto,</strong></span> 
     </span>
    </p>

    <p class='ocr_par' dir='ltr' id='par_1_21' title="bbox 152 1187 1326 1238">
     <span class='ocr_line' id='line_1_21' title="bbox 152 1187 1326 1238; baseline 0 -13"><span class='ocrx_word' id='word_1_134' title='bbox 152 1192 290 1235; x_wconf 87' lang='lat' dir='ltr'><strong>victor,</strong></span> <span class='ocrx_word' id='word_1_135' title='bbox 308 1201 382 1225; x_wconf 92' lang='lat' dir='ltr'><strong>nec</strong></span> <span class='ocrx_word' id='word_1_136' title='bbox 402 1188 565 1236; x_wconf 88' lang='lat' dir='ltr'><strong>longum</strong></span> <span class='ocrx_word' id='word_1_137' title='bbox 584 1187 807 1231; x_wconf 81' lang='lat' dir='ltr'><strong>laetabere3</strong></span> <span class='ocrx_word' id='word_1_138' title='bbox 836 1193 878 1224; x_wconf 84' lang='lat' dir='ltr'><strong>te</strong></span> <span class='ocrx_word' id='word_1_139' title='bbox 898 1201 1054 1238; x_wconf 89' lang='lat' dir='ltr'><strong>quoque</strong></span> <span class='ocrx_word' id='word_1_140' title='bbox 1074 1188 1154 1225; x_wconf 69' lang='lat' dir='ltr'><strong>fata</strong></span> <span class='ocrx_word' id='word_1_141' title='bbox 1251 1192 1326 1227; x_wconf 84' lang='lat'><strong>740</strong></span> 
     </span>
    </p>

    <p class='ocr_par' dir='ltr' id='par_1_22' title="bbox 152 1241 1219 1292">
     <span class='ocr_line' id='line_1_22' title="bbox 152 1241 1219 1292; baseline 0.001 -15"><span class='ocrx_word' id='word_1_142' title='bbox 152 1247 407 1292; x_wconf 84' lang='lat' dir='ltr'><strong>prospectant</strong></span> <span class='ocrx_word' id='word_1_143' title='bbox 420 1244 526 1290; x_wconf 90' lang='lat' dir='ltr'><strong>paria</strong></span> <span class='ocrx_word' id='word_1_144' title='bbox 539 1246 656 1289; x_wconf 89' lang='lat' dir='ltr'><strong>atque</strong></span> <span class='ocrx_word' id='word_1_145' title='bbox 671 1241 810 1277; x_wconf 89' lang='lat' dir='ltr'><strong>eadem</strong></span> <span class='ocrx_word' id='word_1_146' title='bbox 823 1254 912 1277; x_wconf 86' lang='lat' dir='ltr'><strong>mox</strong></span> <span class='ocrx_word' id='word_1_147' title='bbox 924 1255 1014 1277; x_wconf 87' lang='lat' dir='ltr'><strong>arva</strong></span> <span class='ocrx_word' id='word_1_148' title='bbox 1026 1242 1219 1278; x_wconf 84' lang='lat' dir='ltr'><strong>tenebis.&#39;&#39;</strong></span> 
     </span>
    </p>

    <p class='ocr_par' dir='ltr' id='par_1_23' title="bbox 152 1294 1053 1345">
     <span class='ocr_line' id='line_1_23' title="bbox 152 1294 1053 1345; baseline -0.002 -13"><span class='ocrx_word' id='word_1_149' title='bbox 152 1296 201 1332; x_wconf 87' lang='lat' dir='ltr'><strong>ad</strong></span> <span class='ocrx_word' id='word_1_150' title='bbox 221 1309 339 1345; x_wconf 88' lang='lat' dir='ltr'><strong>quem</strong></span> <span class='ocrx_word' id='word_1_151' title='bbox 359 1294 566 1332; x_wconf 89' lang='lat' dir='ltr'><strong>subridens</strong></span> <span class='ocrx_word' id='word_1_152' title='bbox 587 1297 709 1330; x_wconf 83' lang='lat' dir='ltr'><strong>mixta</strong></span> <span class='ocrx_word' id='word_1_153' title='bbox 732 1295 954 1331; x_wconf 88' lang='lat' dir='ltr'><strong>Mezentius</strong></span> <span class='ocrx_word' id='word_1_154' title='bbox 975 1297 1053 1331; x_wconf 85' lang='lat' dir='ltr'><strong>ira:</strong></span> 
     </span>
    </p>

    <p class='ocr_par' dir='ltr' id='par_1_24' title="bbox 153 1348 1221 1398">
     <span class='ocr_line' id='line_1_24' title="bbox 153 1348 1221 1398; baseline 0.001 -13"><span class='ocrx_word' id='word_1_155' title='bbox 153 1354 294 1386; x_wconf 87' lang='lat' dir='ltr'><strong>“nunc</strong></span> <span class='ocrx_word' id='word_1_156' title='bbox 319 1361 482 1385; x_wconf 86' lang='lat' dir='ltr'><strong>morere.</strong></span> <span class='ocrx_word' id='word_1_157' title='bbox 540 1354 600 1384; x_wconf 86' lang='lat' dir='ltr'><strong>ast</strong></span> <span class='ocrx_word' id='word_1_158' title='bbox 628 1348 678 1384; x_wconf 90' lang='lat' dir='ltr'><strong>de</strong></span> <span class='ocrx_word' id='word_1_159' title='bbox 707 1361 771 1384; x_wconf 90' lang='lat' dir='ltr'><strong>me</strong></span> <span class='ocrx_word' id='word_1_160' title='bbox 799 1348 932 1384; x_wconf 88' lang='lat' dir='ltr'><strong>divum</strong></span> <span class='ocrx_word' id='word_1_161' title='bbox 963 1354 1075 1397; x_wconf 83' lang='lat' dir='ltr'><strong>pater</strong></span> <span class='ocrx_word' id='word_1_162' title='bbox 1101 1354 1221 1398; x_wconf 86' lang='lat' dir='ltr'><strong>atque</strong></span> 
     </span>
    </p>

    <p class='ocr_par' dir='ltr' id='par_1_25' title="bbox 258 1402 549 1438">
     <span class='ocr_line' id='line_1_25' title="bbox 258 1402 549 1438; baseline -0.007 0"><span class='ocrx_word' id='word_1_163' title='bbox 258 1402 461 1438; x_wconf 89' lang='lat' dir='ltr'><strong>hominum</strong></span> <span class='ocrx_word' id='word_1_164' title='bbox 481 1414 549 1437; x_wconf 89' lang='lat' dir='ltr'><strong>rex</strong></span> 
     </span>
    </p>

    <p class='ocr_par' dir='ltr' id='par_1_26' title="bbox 153 1454 1112 1503">
     <span class='ocr_line' id='line_1_26' title="bbox 153 1454 1112 1503; baseline -0.001 -11"><span class='ocrx_word' id='word_1_165' title='bbox 153 1456 332 1492; x_wconf 88' lang='lat' dir='ltr'><strong>viderit.&#39;&#39;</strong></span> <span class='ocrx_word' id='word_1_166' title='bbox 389 1455 463 1491; x_wconf 91' lang='lat' dir='ltr'><strong>hoc</strong></span> <span class='ocrx_word' id='word_1_167' title='bbox 483 1454 618 1491; x_wconf 89' lang='lat' dir='ltr'><strong>dicens</strong></span> <span class='ocrx_word' id='word_1_168' title='bbox 639 1454 777 1491; x_wconf 86' lang='lat' dir='ltr'><strong>eduxit</strong></span> <span class='ocrx_word' id='word_1_169' title='bbox 796 1468 956 1503; x_wconf 88' lang='lat' dir='ltr'><strong>corpore</strong></span> <span class='ocrx_word' id='word_1_170' title='bbox 977 1455 1112 1491; x_wconf 91' lang='lat' dir='ltr'><strong>telum.</strong></span> 
     </span>
    </p>

    <p class='ocr_par' dir='ltr' id='par_1_27' title="bbox 152 1507 1324 1558">
     <span class='ocr_line' id='line_1_27' title="bbox 152 1507 1324 1558; baseline 0.001 -13"><span class='ocrx_word' id='word_1_171' title='bbox 152 1509 219 1546; x_wconf 93' lang='lat' dir='ltr'><strong>olli</strong></span> <span class='ocrx_word' id='word_1_172' title='bbox 239 1509 336 1546; x_wconf 90' lang='lat' dir='ltr'><strong>dura</strong></span> <span class='ocrx_word' id='word_1_173' title='bbox 355 1511 466 1558; x_wconf 88' lang='lat' dir='ltr'><strong>quies</strong></span> <span class='ocrx_word' id='word_1_174' title='bbox 485 1508 617 1544; x_wconf 89' lang='lat' dir='ltr'><strong>oculos</strong></span> <span class='ocrx_word' id='word_1_175' title='bbox 637 1513 679 1544; x_wconf 86' lang='lat' dir='ltr'><strong>et</strong></span> <span class='ocrx_word' id='word_1_176' title='bbox 698 1507 848 1544; x_wconf 85' lang='lat' dir='ltr'><strong>ferreus</strong></span> <span class='ocrx_word' id='word_1_177' title='bbox 869 1514 985 1557; x_wconf 82' lang='lat' dir='ltr'><strong>urget</strong></span> <span class='ocrx_word' id='word_1_178' title='bbox 1251 1511 1324 1548; x_wconf 80' lang='lat'><strong>745</strong></span> 
     </span>
    </p>

    <p class='ocr_par' dir='ltr' id='par_1_28' title="bbox 151 1561 1326 1665">
     <span class='ocr_line' id='line_1_28' title="bbox 151 1561 1218 1608; baseline -0.001 -8"><span class='ocrx_word' id='word_1_179' title='bbox 151 1575 322 1608; x_wconf 85' lang='lat' dir='ltr'><strong>somnus,</strong></span> <span class='ocrx_word' id='word_1_180' title='bbox 342 1565 384 1598; x_wconf 93' lang='lat' dir='ltr'><strong>in</strong></span> <span class='ocrx_word' id='word_1_181' title='bbox 402 1567 605 1598; x_wconf 88' lang='lat' dir='ltr'><strong>aeternam</strong></span> <span class='ocrx_word' id='word_1_182' title='bbox 625 1561 863 1598; x_wconf 87' lang='lat' dir='ltr'><strong>clauduntur</strong></span> <span class='ocrx_word' id='word_1_183' title='bbox 881 1561 1030 1598; x_wconf 86' lang='lat' dir='ltr'><strong>lumina</strong></span> <span class='ocrx_word' id='word_1_184' title='bbox 1049 1568 1218 1599; x_wconf 87' lang='lat' dir='ltr'><strong>noctem.</strong></span> 
     </span>
     <span class='ocr_line' id='line_1_29' title="bbox 205 1615 1326 1665; baseline 0.001 -13"><span class='ocrx_word' id='word_1_185' title='bbox 205 1616 394 1652; x_wconf 87' lang='lat' dir='ltr'><strong>Caedicus</strong></span> <span class='ocrx_word' id='word_1_186' title='bbox 410 1615 648 1651; x_wconf 87' lang='lat' dir='ltr'><strong>Alcathoum</strong></span> <span class='ocrx_word' id='word_1_187' title='bbox 664 1616 886 1659; x_wconf 83' lang='lat' dir='ltr'><strong>obtruncat,</strong></span> <span class='ocrx_word' id='word_1_188' title='bbox 900 1615 1079 1652; x_wconf 82' lang='lat' dir='ltr'><strong>Sacrator</strong></span> <span class='ocrx_word' id='word_1_189' title='bbox 1094 1616 1326 1665; x_wconf 80' lang='lat' dir='ltr'><strong>Hydaspen,</strong></span> 
     </span>
    </p>

    <p class='ocr_par' dir='ltr' id='par_1_29' title="bbox 154 1668 1227 1718">
     <span class='ocr_line' id='line_1_30' title="bbox 154 1668 1227 1718; baseline 0.001 -13"><span class='ocrx_word' id='word_1_190' title='bbox 154 1670 488 1718; x_wconf 88' lang='lat' dir='ltr'><strong>Partheniumque</strong></span> <span class='ocrx_word' id='word_1_191' title='bbox 504 1669 611 1717; x_wconf 85' lang='lat' dir='ltr'><strong>Rapo</strong></span> <span class='ocrx_word' id='word_1_192' title='bbox 624 1673 666 1705; x_wconf 92' lang='lat' dir='ltr'><strong>et</strong></span> <span class='ocrx_word' id='word_1_193' title='bbox 677 1668 914 1717; x_wconf 90' lang='lat' dir='ltr'><strong>praedurum</strong></span> <span class='ocrx_word' id='word_1_194' title='bbox 928 1670 1071 1705; x_wconf 88' lang='lat' dir='ltr'><strong>viribus</strong></span> <span class='ocrx_word' id='word_1_195' title='bbox 1085 1669 1227 1716; x_wconf 88' lang='lat' dir='ltr'><strong>Orsen,</strong></span> 
     </span>
    </p>

    <p class='ocr_par' dir='ltr' id='par_1_30' title="bbox 153 1717 1195 1772">
     <span class='ocr_line' id='line_1_31' title="bbox 153 1717 1195 1772; baseline 0 -13"><span class='ocrx_word' id='word_1_196' title='bbox 153 1724 356 1772; x_wconf 86' lang='lat' dir='ltr'><strong>Messapus</strong></span> <span class='ocrx_word' id='word_1_197' title='bbox 376 1722 636 1771; x_wconf 92' lang='lat' dir='ltr'><strong>Cloniumque</strong></span> <span class='ocrx_word' id='word_1_198' title='bbox 656 1721 976 1772; x_wconf 85' lang='lat' dir='ltr'><strong>Lycaoniumque</strong></span> <span class='ocrx_word' id='word_1_199' title='bbox 997 1717 1195 1769; x_wconf 74' lang='lat' dir='ltr'><strong>Ericeten,</strong></span> 
     </span>
    </p>

    <p class='ocr_par' dir='ltr' id='par_1_31' title="bbox 152 1775 1326 1825">
     <span class='ocr_line' id='line_1_32' title="bbox 152 1775 1326 1825; baseline 0 -13"><span class='ocrx_word' id='word_1_200' title='bbox 152 1777 262 1813; x_wconf 90' lang='lat' dir='ltr'><strong>illum</strong></span> <span class='ocrx_word' id='word_1_201' title='bbox 282 1776 446 1813; x_wconf 89' lang='lat' dir='ltr'><strong>infrenis</strong></span> <span class='ocrx_word' id='word_1_202' title='bbox 467 1778 557 1825; x_wconf 89' lang='lat' dir='ltr'><strong>equi</strong></span> <span class='ocrx_word' id='word_1_203' title='bbox 577 1775 688 1824; x_wconf 90' lang='lat' dir='ltr'><strong>lapsu</strong></span> <span class='ocrx_word' id='word_1_204' title='bbox 707 1775 850 1812; x_wconf 88' lang='lat' dir='ltr'><strong>tellure</strong></span> <span class='ocrx_word' id='word_1_205' title='bbox 871 1778 1079 1821; x_wconf 89' lang='lat' dir='ltr'><strong>iacentem,</strong></span> <span class='ocrx_word' id='word_1_206' title='bbox 1251 1779 1326 1815; x_wconf 85' lang='lat'><strong>750</strong></span> 
     </span>
    </p>
   </div>
   <div class='ocr_carea' id='block_1_3' title="bbox 150 1867 1325 2038">
    <p class='ocr_par' dir='ltr' id='par_1_32' title="bbox 194 1867 547 1899">
     <span class='ocr_line' id='line_1_33' title="bbox 194 1867 547 1899; baseline 0.003 -1"><span class='ocrx_word' id='word_1_207' title='bbox 194 1867 236 1886; x_wconf 77' lang='lat'><strong>⁷²⁷</strong></span> <span class='ocrx_word' id='word_1_208' title='bbox 261 1867 464 1898; x_wconf 82' lang='lat' dir='ltr'><strong>accumbens</strong></span> <span class='ocrx_word' id='word_1_209' title='bbox 480 1868 547 1899; x_wconf 78' lang='lat' dir='ltr'><strong>PR.</strong></span> 
     </span>
    </p>

    <p class='ocr_par' dir='ltr' id='par_1_33' title="bbox 194 1908 1091 1948">
     <span class='ocr_line' id='line_1_34' title="bbox 194 1908 1091 1948; baseline 0.001 -8"><span class='ocrx_word' id='word_1_210' title='bbox 194 1910 237 1929; x_wconf 76' lang='lat'><strong>⁷³⁷</strong></span> <span class='ocrx_word' id='word_1_211' title='bbox 261 1910 344 1941; x_wconf 84' lang='lat' dir='ltr'><strong>viris</strong></span> <span class='ocrx_word' id='word_1_212' title='bbox 361 1910 422 1947; x_wconf 60' lang='lat' dir='ltr'><strong>We,</strong></span> <span class='ocrx_word' id='word_1_213' title='bbox 441 1909 557 1941; x_wconf 80' lang='lat' dir='ltr'><strong>known</strong></span> <span class='ocrx_word' id='word_1_214' title='bbox 572 1914 604 1941; x_wconf 77' lang='lat' dir='ltr'><strong>to</strong></span> <span class='ocrx_word' id='word_1_215' title='bbox 620 1908 762 1941; x_wconf 55' lang='lat' dir='ltr'><strong>Servius</strong></span> <span class='ocrx_word' id='word_1_216' title='bbox 810 1909 917 1948; x_wconf 79' lang='lat' dir='ltr'><strong>altus]</strong></span> <span class='ocrx_word' id='word_1_217' title='bbox 932 1914 1030 1940; x_wconf 84' lang='lat' dir='ltr'><strong>actus</strong></span> <span class='ocrx_word' id='word_1_218' title='bbox 1045 1910 1091 1941; x_wconf 71' lang='grc' dir='ltr'><strong>Μ.</strong></span> 
     </span>
    </p>

    <p class='ocr_par' dir='ltr' id='par_1_34' title="bbox 150 1952 1325 2038">
     <span class='ocr_line' id='line_1_35' title="bbox 193 1952 1325 1997; baseline 0.002 -14"><span class='ocrx_word' id='word_1_219' title='bbox 193 1953 237 1973; x_wconf 76' lang='lat'><strong>⁷⁴²</strong></span> <span class='ocrx_word' id='word_1_220' title='bbox 259 1957 385 1994; x_wconf 87' lang='lat' dir='ltr'><strong>atquae</strong></span> <span class='ocrx_word' id='word_1_221' title='bbox 408 1953 480 1992; x_wconf 78' lang='lat' dir='ltr'><strong>V7:</strong></span> <span class='ocrx_word' id='word_1_222' title='bbox 502 1956 647 1994; x_wconf 84' lang='lat' dir='ltr'><strong>atquaec</strong></span> <span class='ocrx_word' id='word_1_223' title='bbox 663 1952 723 1983; x_wconf 79' lang='lat' dir='ltr'><strong>P1:</strong></span> <span class='ocrx_word' id='word_1_224' title='bbox 744 1957 829 1993; x_wconf 81' lang='lat' dir='ltr'><strong>atqu</strong></span> <span class='ocrx_word' id='word_1_225' title='bbox 852 1953 913 1983; x_wconf 82' lang='lat' dir='ltr'><strong>P2:</strong></span> <span class='ocrx_word' id='word_1_226' title='bbox 936 1957 1040 1995; x_wconf 87' lang='lat' dir='ltr'><strong>atque</strong></span> <span class='ocrx_word' id='word_1_227' title='bbox 1065 1953 1162 1985; x_wconf 69' lang='lat' dir='ltr'><strong>M&#39;a:</strong></span> <span class='ocrx_word' id='word_1_228' title='bbox 1185 1958 1325 1997; x_wconf 76' lang='lat' dir='ltr'><strong>atquem</strong></span> 
     </span>
     <span class='ocr_line' id='line_1_36' title="bbox 150 1996 538 2038; baseline 0 -11"><span class='ocrx_word' id='word_1_229' title='bbox 150 1997 279 2027; x_wconf 70' lang='lat' dir='ltr'><strong>Jl²a²c.·</strong></span> <span class='ocrx_word' id='word_1_230' title='bbox 301 1996 345 2027; x_wconf 87' lang='lat' dir='ltr'><strong>ad</strong></span> <span class='ocrx_word' id='word_1_231' title='bbox 361 2006 463 2038; x_wconf 86' lang='lat' dir='ltr'><strong>quem</strong></span> <span class='ocrx_word' id='word_1_232' title='bbox 480 1996 538 2028; x_wconf 78' lang='lat' dir='ltr'><strong>Rb.</strong></span> 
     </span>
    </p>
   </div>
  </div>
 </body>
</html>
