1399 2271
585 65 775 101 VIRGIL

91 158 133 190 at
152 152 304 197 fratres,
324 154 497 188 animosa
517 151 688 201 phalanx
708 164 950 201 accensaque
970 150 1094 195 luctu,

92 229 179 266 pars
194 216 345 266 gladios
360 218 562 266 stringunt
575 216 769 260 manibus,
781 228 869 266 pars
883 215 1029 253 missile
1044 215 1191 252 ferrum

93 284 309 331 corripiunt
327 283 513 331 caecique
533 286 664 318 ruunt.
720 293 816 331 quos
835 283 993 330 agmina
1011 286 1147 317 contra

92 351 327 396 procurrunt
340 345 603 389 Laurentum3
618 344 711 381 hinc
724 345 837 382 densi
850 358 981 382 rursus
993 344 1190 382 inundant

92 411 213 448 Troes
233 411 490 461 Agyllinique
510 416 553 448 et
571 413 686 459 pictis
707 409 882 447 Arcades
901 412 1041 447 armis:
1194 413 1259 445 281

92 478 146 513 sic
165 478 292 512 omnis
311 489 419 512 amor
437 488 538 512 unus
557 474 680 511 habet
699 474 914 511 decernere
934 474 1049 512 ferro.

93 541 289 591 diripuere
309 554 405 587 aras,
426 543 458 577 it
478 546 564 577 toto
584 539 743 577 turbida
761 539 870 577 caelo

92 610 310 654 tempestas
328 604 499 641 telorum
518 617 562 640 ac
583 603 733 641 ferreus
753 605 903 653 ingruit
921 604 1059 649 imber,

93 675 341 720 craterasque
362 670 546 719 focosque
567 669 712 706 ferunt.
769 668 901 718 fugit·
892 681 975 718 ipse
998 668 1161 736 Latinus
1195 674 1265 707 285

93 734 267 783 pulsatos
285 733 461 770 referens
481 732 631 770 infecto
651 732 811 769 foedere
831 732 896 769 div
888 746 951 770 os.

93 799 295 836 infrenant
314 798 378 834 alii
399 811 532 835 currus
550 803 620 835 aut
639 811 801 847 corpora
820 797 921 835 saltu

94 865 292 900 subiciunt
310 865 351 899 in
372 875 493 912 equos
512 867 555 899 et
575 864 721 899 strictis
741 863 899 899 ensibus
919 862 1074 900 adsunt.

147 929 351 977 Messapus
370 941 507 977 regem
526 930 710 977 regisque
730 929 886 975 insigne
907 932 1114 976 gerentem

93 992 343 1043 Tyrrhenum
364 991 571 1038 Aulesten,
591 991 727 1028 avidus
747 991 991 1028 confundere
1012 991 1165 1038 foedus,
1196 996 1271 1034 290

93 1057 256 1094 adverso
275 1062 474 1106 proterret
493 1069 618 1107 equo:
647 1058 727 1093 ruit
745 1056 812 1093 ille
832 1056 1023 1093 recedens

95 1128 136 1159 et
155 1124 273 1159 miser
292 1123 482 1171 oppositis
502 1135 524 1157 a
542 1126 657 1170 tergo
676 1119 890 1157 involvitur
908 1123 983 1158 aris

95 1190 133 1223 in
150 1191 269 1236 caput
283 1189 402 1235 inque
418 1198 584 1223 umeros.
639 1190 680 1221 at
695 1184 869 1222 fervidus
884 1184 1042 1222 advolat
1055 1185 1167 1222 hasta

97 1252 302 1300 Messapus
323 1250 484 1300 teloque
504 1255 683 1287 orantem
704 1249 829 1286 multa
848 1250 988 1286 trabali

95 1316 265 1365 desuper
283 1316 386 1352 altus
406 1328 508 1365 equo
527 1317 699 1364 graviter
718 1314 812 1351 ferit
831 1319 951 1364 atque
971 1318 1025 1351 ita
1046 1314 1166 1351 fatur:
1198 1319 1271 1358 ¹295

96 1385 120 1402 “
131 1380 205 1417 hoc
218 1380 351 1425 habet,
365 1379 462 1417 haec
474 1379 614 1416 melior
625 1382 778 1429 magnis
791 1378 883 1415 data
895 1381 1053 1416 victima
1066 1379 1202 1417 divis.''

95 1450 335 1481 concurrunt
355 1444 445 1481 Itali
465 1443 715 1494 spoliantque
736 1443 905 1480 calentia
924 1445 1109 1481 membra.

95 1511 231 1547 obvius
249 1509 475 1545 ambustum
494 1513 642 1545 torrem
663 1507 889 1558 Corynaeus
909 1509 957 1544 ab
977 1521 1043 1544 ara

95 1576 257 1623 corripit
275 1579 317 1611 et
335 1576 513 1611 venienti
533 1573 665 1610 Ebuso
684 1572 921 1622 plagamque
941 1572 1085 1610 ferenti

95 1643 262 1687 occupat
282 1651 323 1674 os
343 1637 506 1673 flammis
522 1650 530 1673 :
559 1636 627 1673 olli
646 1638 788 1686 ingens
807 1636 927 1672 barba
945 1636 1091 1673 reluxit
1198 1640 1272 1673 300

95 1701 353 1752 nidoremque
372 1702 552 1738 ambusta
572 1700 695 1738 dedit.
753 1713 870 1750 super
889 1702 973 1749 ipse
993 1706 1151 1738 secutus

95 1752 314 1803 caesariem'
326 1765 437 1803 laeva
454 1766 604 1803 turbati
624 1767 784 1814 corripit
803 1763 926 1802 hostis

95 1833 363 1881 impressoque
383 1843 488 1880 genu
508 1833 641 1867 nitens
660 1835 789 1867 terrae
808 1829 981 1879 applicat
999 1832 1124 1879 ipsum
1141 1842 1150 1874 ;

354 1929 396 1949 ²⁸2
422 1931 463 1968 it]
481 1934 516 1961 et
531 1930 621 1969 1³71.
759 1929 801 1949 ²⁸⁷
824 1930 900 1970 aut]
915 1933 951 1961 et
966 1930 1012 1962 Μ.

353 1971 396 1992 ¹⁸⁸
420 1972 562 2004 adstant
578 1972 640 2004 Μ’.

98 2021 172 2054 318
