1399 2271
637 54 824 91 VIRGIL

146 143 382 192 Iliacamque
401 145 524 179 aciem
544 148 587 180 et
607 142 820 179 Laurentia
838 147 964 179 castra
983 145 1135 191 petivit.
1236 141 1312 179 635

145 202 228 233 turn
248 196 324 232 dea
341 197 448 233 nube
467 209 560 233 cava
578 202 741 233 tenuem
761 199 846 233 sine
865 197 1010 232 viribus
1034 197 1209 232 umbram

145 253 182 286 in
204 249 345 286 faciem
365 250 527 286 Aeneae
546 248 647 300 (visu
667 249 845 286 mirabile
863 249 1102 299 monstrum)

146 303 353 339 Dardaniis
373 309 488 340 ornat
506 303 609 348 telis,
630 303 880 352 clipeumque
899 303 1088 352 iubasque

144 357 266 393 divini
285 356 496 393 adsimulat
515 359 668 405 capitis,
686 356 756 392 dat
774 358 906 392 inania
923 356 1054 401 verba,

145 411 214 447 dat
233 412 317 447 sine
335 416 472 447 mente
491 423 630 446 sonum
645 422 879 459 gressusque
895 409 1046 457 effingit
1060 411 1210 452 euntis;
1239 407 1315 445 640

145 469 272 500 morte
291 465 399 500 obita
417 463 541 513 qualis
561 463 664 499 fama
684 469 746 500 est
764 463 927 499 volitare
947 463 1089 511 figuras

145 523 214 554 aut
232 530 333 566 quae
353 520 500 566 sopitos
519 517 717 554 deludunt
734 519 885 553 somnia
903 529 1049 553 sensus.

145 577 186 607 at
206 573 349 620 primas
369 571 474 607 laeta
492 576 586 607 ante
606 573 709 607 acies
728 570 902 607 exsultat
920 572 1051 618 imago

146 627 360 674 inritatque
381 627 506 660 virum
525 624 614 661 telis
635 629 676 660 et
695 636 789 660 voce
808 623 976 660 lacessit.

145 681 268 715 instat
287 681 349 714 cui
367 678 523 714 Turnus
541 678 858 726 stridentemque
878 678 1030 712 eminus
1049 675 1202 712 hastam
1241 673 1316 711 645

146 734 313 774 conicit;
341 731 409 767 illa
428 731 521 767 dato
541 734 661 767 vertit
681 733 846 779 vestigia
863 735 989 779 tergo.

146 791 232 822 tum
252 798 344 821 vero
364 785 527 821 Aenean
547 797 726 821 aversum
746 789 791 820 ut
810 783 952 820 cedere
971 783 1126 818 Turnus

147 838 316 875 credidit
327 843 447 887 atque
459 840 590 873 animo
602 850 712 886 spem
726 836 906 873 turbidus
920 836 1050 872 hausit
1063 838 1240 871 inanem:

147 897 261 941 “quo
281 892 396 940 fugis,
417 891 580 928 Aenea?
615 891 808 927 thalamos
828 904 878 927 ne
898 890 1036 926 desere
1057 894 1214 937 pactos;

147 946 220 982 hac
239 945 397 981 dabitur
415 944 556 981 dextra
574 944 694 981 tellus
713 946 890 993 quaesita
908 956 979 992 per
998 941 1159 978 undas.‘'
1243 939 1319 978 6⁵0

148 999 241 1035 talia
261 998 477 1035 vociferans
497 1001 675 1046 sequitur
693 1000 953 1046 strictumque
973 1000 1150 1032 coruscat

149 1065 389 1096 mucronem,
409 1064 483 1088 nec
502 1051 605 1088 ferre
625 1050 734 1087 videt
752 1063 821 1087 sua
840 1050 982 1099 gaudia
1001 1054 1151 1085 ventos.

204 1106 319 1141 Forte
339 1108 432 1141 ratis
452 1104 545 1141 celsi
565 1107 776 1140 coniuncta
795 1103 997 1152 crepidine
1017 1104 1099 1138 saxi

149 1161 336 1207 expositis
355 1159 486 1195 stabat
504 1157 616 1194 scalis
636 1163 678 1194 et
698 1162 819 1206 ponte
839 1162 988 1205 parato,

148 1226 224 1262 qua
243 1226 312 1249 rex
333 1212 500 1248 Clusinis
519 1211 707 1247 advectus
727 1210 887 1247 Osinius
906 1212 993 1246 oris.
1245 1206 1320 1244 655

149 1266 225 1302 huc
245 1278 330 1302 sese
350 1265 506 1313 trepida
526 1265 687 1300 Aeneae
708 1263 898 1312 fugientis
917 1266 1046 1311 imago

149 1322 293 1355 conicit
312 1321 352 1354 in
372 1319 554 1363 latebras,
576 1331 649 1354 nec
669 1317 824 1353 Turnus
844 1319 1001 1365 segnior
1019 1319 1141 1352 instat

149 1377 438 1421 exsuperatque
458 1384 583 1407 moras
604 1377 646 1408 et
665 1373 796 1419 pontis
820 1370 988 1406 transilit
1008 1370 1118 1406 altos.

148 1429 209 1462 vix
231 1439 385 1474 proram
405 1427 617 1474 attigerat:
646 1426 794 1473 rumpit
813 1423 995 1460 Saturnia
1015 1422 1151 1459 funem

149 1478 397 1528 avolsamque
418 1481 520 1527 rapit
540 1477 717 1514 revoluta
736 1490 806 1526 per
825 1489 993 1526 aequora
1011 1489 1162 1512 navem.
1246 1473 1321 1511 660

148 1533 260 1569 illum
279 1538 413 1568 autem
435 1533 591 1568 Aeneas
611 1532 817 1567 absentem
837 1532 878 1566 in
897 1529 1043 1578 proelia
1064 1531 1206 1577 poscit;

149 1587 263 1622 obvia
280 1585 406 1622 multa
425 1588 550 1621 virum
570 1585 749 1621 demittit
768 1596 928 1632 corpora
947 1585 1076 1627 morti,

150 1645 234 1676 tum
254 1639 351 1676 levis
371 1638 476 1675 haud
497 1638 599 1675 ultra
618 1638 788 1674 latebras
807 1640 883 1672 iam
903 1639 1057 1685 quaerit
1076 1638 1219 1684 imago,

193 1747 238 1766 ⁶⁴⁰
261 1757 414 1787 gressum
431 1747 475 1777 M.
611 1745 655 1764 ⁸⁵⁸
679 1745 814 1775 Aeneae
832 1743 969 1785 trepida,
984 1744 1030 1775 Μ.

193 1789 237 1808 ⁶⁵9
330 1790 336 1795 ·
427 1789 440 1808 ι

192 1790 474 1869 ὕδωξὲέρὲἱὲἓζςιή,
492 1830 667 1871 following]
689 1835 750 1861 two
773 1829 880 1861 Paris
901 1829 1013 1867 MSS„
1038 1832 1167 1868 accepta
1188 1827 1241 1859 the
1253 1827 1321 1868 sol-

149 1875 269 1915 Iowiny
284 1876 384 1906 order
397 1885 407 1905 .·
429 1875 502 1911 660,
521 1875 592 1910 663,
614 1874 688 1910 664,
707 1873 779 1909 661,
799 1873 871 1908 662,
892 1873 963 1903 655.

192 1917 236 1937 ⁸⁸¹
260 1917 317 1948 illc
347 1918 434 1957 PII-7.
484 1919 624 1949 Aenean
648 1916 723 1948 P¹R
747 1916 818 1955 (ille
842 1922 959 1946 autem
984 1915 1123 1945 Aenean
1151 1913 1266 1945 known
1291 1919 1323 1945 to

149 1961 307 1999 Servius).

151 2009 228 2041 214
