1399 2271
611 57 801 94 VIRGIL

119 147 186 179 aut
206 155 340 178 vocem
360 146 513 179 mutare
534 145 634 179 viros
652 148 721 179 aut
741 148 895 179 vertere
915 148 1077 179 vestem.
1217 147 1291 180 825

119 205 169 238 sit
189 201 360 247 Latium,
379 204 458 238 sint
478 201 622 238 Albani
642 215 712 251 per
731 201 887 238 saecula
907 214 1033 250 reges,
1149 202 1158 203 7

118 262 169 296 sit
190 259 364 296 Romana
383 265 526 309 potens
546 259 648 296 Itala
666 262 812 297 virtute
832 273 1028 309 propago;

118 318 274 364 occidit,
295 319 563 368 occideritque
584 321 686 355 sinas
707 332 795 355 cum
815 321 975 355 nomine
994 318 1148 356 Troia.”

170 377 251 415 Olli
270 377 478 414 subridens
497 377 701 414 hominum
721 390 930 427 rerumque
951 383 1152 427 repertor:

119 441 196 474 “es
215 450 403 486 germana
425 436 530 474 Iovis
550 436 788 486 Saturnique
808 437 932 473 altera
951 436 1102 486 proles:
1218 442 1292 474 830

118 499 261 532 irarum
280 501 413 533 tantos
433 495 554 532 volvis
573 497 645 532 sub
665 501 826 545 pectore
846 496 996 533 fluctus.
1214 509 1291 533 MPR

119 569 252 592 verum
267 569 341 605 age
358 561 399 592 et
413 558 615 605 inceptum
634 555 777 592 frustra
792 556 982 592 submitte
998 555 1187 592 furorem:

117 614 168 652 do
186 615 292 665 quod
311 617 379 661 vis,
401 620 442 652 et
462 628 524 651 me
546 617 749 664 victusque
770 615 984 665 volensque
1003 618 1174 652 remitto.

117 687 338 712 sermonem
359 674 522 710 Ausonii
542 676 712 723 patrium
733 686 940 723 moresque
959 674 1170 719 tenebunt,

118 741 240 785 utque
256 740 330 779 est,
346 747 491 771 nomen
508 736 584 771 erit
598 747 606 778 ;
627 736 829 770 commixti
845 747 1005 783 corpore
1021 739 1177 771 tantum
1219 739 1292 772 835

117 793 323 831 subsident
341 793 493 830 Teucri.
552 806 702 829 morem
722 795 898 843 ritusque
918 806 1115 830 sacrorum

116 852 281 889 adiciam
302 851 520 902 faciamque
540 854 666 888 omnis
686 864 764 888 uno
785 864 850 888 ore
872 851 1044 888 Latinos.

118 911 208 948 hinc
223 924 348 961 genus
362 911 537 947 Ausonio
549 913 717 947 mixtum
730 910 834 960 quod
848 914 1039 960 sanguine
1052 918 1201 961 surget,

116 984 232 1020 supra
250 970 444 1015 homines,
463 982 580 1018 supra
598 972 654 1006 ire
674 969 768 1005 deos
789 972 938 1018 pietate
960 969 1109 1007 videbis

116 1042 188 1066 nec
208 1041 307 1078 gens
328 1028 406 1064 ulla
425 1033 513 1065 tuos
532 1040 657 1077 aeque
678 1028 894 1064 celebrabit
913 1027 1119 1067 honores.''
1217 1034 1292 1068 840

115 1088 255 1124 adnuit
273 1087 333 1124 his
355 1087 454 1123 Iuno
475 1092 516 1123 et
535 1092 712 1123 mentem
734 1087 879 1123 laetata
900 1090 1081 1131 retorsit;

115 1151 267 1185 interea
288 1146 446 1183 excedit
464 1145 572 1182 caelo
592 1146 817 1194 nubemque
838 1145 1035 1195 relinquit.

170 1207 245 1242 His
264 1208 361 1242 actis
380 1204 487 1241 aliud
507 1207 664 1253 genitor
683 1217 815 1240 secum
836 1206 919 1253 ipse
938 1204 1091 1242 volutat

118 1267 399 1313 Iuturnamque
420 1268 532 1312 parat
550 1263 678 1299 fratris
698 1262 901 1300 dimittere
920 1263 969 1299 ab
988 1267 1113 1301 armis.

113 1325 300 1362 dicuntur
318 1325 500 1372 geminae
521 1328 653 1371 pestes
674 1324 908 1371 cognomine
930 1321 1061 1368 Dirae,
1216 1329 1289 1362 845

114 1397 208 1434 quas
228 1388 270 1420 et
288 1382 514 1418 Tartaream
537 1381 622 1417 Nox
644 1383 884 1429 intempesta
906 1381 1132 1430 Megaeram

114 1455 192 1480 uno
211 1441 430 1490 eodemque
452 1440 544 1476 tulit
564 1444 690 1488 partu,
711 1440 946 1489 paribusque
966 1443 1137 1478 revinxit

113 1505 343 1550 serpentum
364 1501 475 1548 spiris
496 1503 755 1547 ventosasque
775 1498 928 1534 addidit
947 1498 1036 1535 alas.

113 1561 187 1596 hae
210 1559 311 1595 Iovis
330 1557 379 1593 ad
399 1557 537 1594 solium
559 1560 743 1606 saevique
764 1559 802 1592 in
822 1557 958 1594 limine
978 1561 1081 1607 regis

112 1622 305 1668 apparent
323 1621 550 1666 acuuntque
570 1621 722 1652 metum
741 1616 971 1652 mortalibus
990 1619 1129 1665 aegris,
1212 1623 1287 1655 850

113 1682 142 1715 si
163 1676 319 1727 quando
338 1675 465 1712 letum
484 1674 707 1711 horrificum
725 1675 959 1724 morbosque
980 1675 1098 1712 deum
1114 1689 1181 1713 rex

113 1731 284 1780 molitur,
302 1737 463 1771 meritas
482 1739 551 1771 aut
570 1733 675 1770 bello
694 1736 854 1770 territat
873 1734 998 1770 urbes.

113 1796 249 1832 harum
269 1807 386 1830 unam
407 1793 577 1830 celerem
596 1792 757 1829 demisit
774 1793 823 1828 ab
843 1792 1005 1829 aethere
1028 1806 1180 1830 summo

114 1855 292 1903 Iuppiter
310 1855 431 1902 inque
451 1864 566 1888 omen
588 1851 776 1887 Iuturnae
796 1863 998 1888 occurrere
1018 1854 1154 1889 iussit:

112 1913 177 1951 illa
196 1911 302 1948 volat
320 1910 519 1961 celerique
537 1910 587 1946 ad
606 1915 752 1946 terram
771 1910 930 1947 turbine
950 1908 1087 1947 fertur.
1210 1915 1284 1949 855

113 2010 186 2048 356
363 1979 406 1998 ⁸²⁵
431 1984 542 2010 vestes
558 1979 616 2019 1²7.
764 1978 807 1997 ⁸³⁵
833 1984 932 2010 tanto
951 1979 986 2010 R.
