1399 2271
648 64 839 100 VIRGIL

156 150 261 200 quod
282 150 362 186 fieri
383 150 486 187 ferro
504 149 701 200 liquidove
722 155 854 200 potest
874 149 1035 195 electro,

156 209 348 254 quantum
366 205 480 252 ignes
498 206 730 253 animaeque
749 203 895 249 valent,
916 204 1059 240 absiste
1080 201 1278 252 precando

157 258 300 294 viribus
320 257 543 293 indubitare
562 257 679 294 tuis.''
735 269 781 293 ea
799 257 918 293 verba
936 257 1090 293 locutus

156 316 312 360 optatos
331 310 444 347 dedit
462 310 665 358 amplexus
684 309 961 359 placidumque
980 312 1123 359 petivit
1254 312 1327 344 405

157 366 333 412 coniugis
354 362 505 400 infusus
523 365 674 412 gremio
692 377 763 413 per
781 364 958 400 membra
976 375 1165 411 soporem.

211 417 310 453 Inde
330 417 396 453 ubi
416 419 540 466 prima
559 419 669 466 quies
688 417 819 453 medio
838 419 914 452 iam
936 419 1060 452 noctis
1079 416 1240 452 abactae

157 469 347 506 curriculo
360 469 566 519 expulerat
578 483 770 514 somnum,
783 483 872 506 cum
884 469 1031 506 femina
1044 471 1226 518 primum,

157 526 219 559 cui
237 523 406 560 tolerare
426 523 510 560 colo
530 526 649 560 vitam
669 526 859 572 tenuique
881 524 1059 559 Minerva

157 579 397 625 impositum,
416 579 589 613 cinerem
609 581 651 614 et
671 579 817 625 sopitos
836 579 999 613 suscitat
1018 578 1132 625 ignis,
1254 578 1329 611 410

157 635 316 666 noctem
328 630 478 666 addens
493 632 615 679 operi,
628 629 870 678 famulasque
883 629 933 665 ad
948 629 1096 666 lumina
1108 629 1226 677 longo

157 687 317 719 exercet
335 695 471 731 penso,
490 688 641 719 castum
660 688 706 719 ut
724 695 878 719 servare
898 682 1028 719 cubile

158 738 335 784 coniugis
355 741 397 772 et
417 738 538 784 possit
557 748 694 784 parvos
716 735 883 772 educere
902 741 1038 772 natos:
1076 736 1078 739 ’

158 788 263 825 haud
283 801 395 826 secus
415 789 649 837 Ignipotens
668 801 742 825 nec
761 794 940 837 tempore
961 791 1119 837 segnior
1137 788 1205 825 illo

157 842 340 879 mollibus
360 855 381 878 e
401 845 533 878 stratis
552 855 671 891 opera
689 842 738 878 ad
759 841 911 878 fabrilia
930 844 1066 891 surgit.
1256 845 1330 877 415

213 895 345 932 Insula
365 894 560 932 Sicanium
582 898 692 931 iuxta
710 895 813 931 latus
833 895 1090 944 Aeoliamque

157 951 322 998 erigitur
342 948 524 997 Liparen,
544 948 787 985 fumantibus
806 948 926 985 ardua
945 951 1057 993 saxis,

157 1015 273 1051 quam
293 1002 429 1038 subter
447 1014 586 1051 specus
607 1007 649 1039 et
669 1002 884 1051 Cyclopum
904 1015 1020 1039 exesa
1039 1004 1201 1038 caminis

156 1060 269 1091 antra
289 1055 469 1091 Aetnaea
487 1060 641 1100 tonant,
662 1055 858 1104 validique
878 1055 1085 1092 incudibus
1105 1058 1205 1091 ictus

157 1107 281 1144 auditi
300 1107 479 1145 referunt
498 1111 682 1157 gemitus,
701 1109 954 1158 striduntque
974 1111 1148 1145 cavernis
1256 1112 1332 1144 420

157 1163 364 1198 stricturae
385 1161 604 1211 Chalybum
625 1167 667 1199 et
685 1161 908 1198 fornacibus
926 1164 1029 1210 ignis
1048 1161 1222 1207 anhelat,

158 1214 320 1250 Volcani
340 1214 479 1251 domus
499 1220 541 1251 et
562 1215 748 1251 Volcania
767 1217 927 1251 nomine
947 1215 1075 1251 tellus.

158 1267 230 1303 hoc
251 1272 346 1303 tunc
368 1267 599 1317 Ignipotens
620 1268 728 1305 caelo
748 1268 955 1304 descendit
974 1269 1023 1304 ab
1041 1268 1132 1305 alto.

210 1320 373 1357 Ferrum
393 1322 632 1358 exercebant
652 1326 761 1358 vasto
782 1321 972 1371 Cyclopes
992 1324 1032 1357 in
1051 1327 1179 1367 antro,

158 1373 405 1423 Brontesque
431 1373 696 1424 Steropesque
723 1379 765 1411 et
793 1374 921 1411 nudus
950 1375 1126 1411 membra
1155 1374 1227 1424 Py-

262 1439 431 1463 racmon.
1256 1432 1331 1465 4⁶25

156 1479 216 1516 his
235 1479 488 1516 informatum
509 1482 688 1517 manibus
707 1483 783 1517 iam
803 1486 915 1529 parte
935 1481 1058 1530 polita

156 1532 307 1570 fulmen
328 1539 424 1579 erat,
443 1538 529 1570 toto
547 1537 705 1583 genitor
724 1547 824 1583 quae
843 1534 1010 1583 plurima
1030 1534 1138 1572 caelo

156 1586 278 1622 deicit
296 1589 335 1622 in
357 1592 493 1632 terras,
513 1600 601 1636 pars
621 1587 855 1637 imperfecta
874 1588 1070 1624 manebat.

155 1642 225 1675 tris
245 1640 379 1676 imbris
397 1643 492 1676 torti
513 1640 652 1686 radios,
672 1644 743 1678 tris
762 1641 877 1677 nubis
897 1654 1066 1690 aquosae

153 1692 402 1738 addiderant,
421 1693 528 1730 rutili
549 1696 619 1730 tris
638 1696 740 1743 ignis
761 1699 803 1730 et
821 1694 925 1730 alitis
944 1694 1091 1731 Austri.
1254 1698 1330 1731 430

154 1745 327 1794 fulgores
347 1759 452 1783 nunc
472 1747 660 1783 terrificos
679 1750 930 1796 sonitumque
949 1753 1181 1797 metumque

153 1798 373 1836 miscebant
391 1802 500 1848 operi
520 1800 762 1850 flammisque
782 1801 1012 1850 sequacibus
1032 1803 1116 1838 iras.

196 1877 240 1897 ⁴⁰⁸
263 1877 414 1910 infusum
431 1879 531 1917 P¹R1,
545 1879 659 1912 known
672 1885 704 1911 co
716 1880 851 1912 Servius
867 1891 905 1911 as
915 1880 967 1912 the
979 1880 1122 1921 reading)
1134 1881 1174 1921 of
1185 1881 1324 1913 Probus.

195 1921 239 1939 ⁴¹²
262 1932 422 1953 exercens
437 1923 484 1953 M.
654 1923 698 1942 42⁰
720 1924 888 1965 gemitum
905 1925 947 1956 R.

153 1963 239 2043 88‘23
263 1964 328 1995 huc
346 1965 420 2002 ΡὙῙ.
468 1968 542 1996 tum
559 1965 637 2004 P71.
