1399 2271
628 78 819 115 VIRGIL

133 171 252 216 atque
273 166 503 202 reluctantis
523 166 669 202 crebris
689 165 886 215 foedeque
907 169 1082 215 petentis

133 221 274 257 ictibus
294 233 379 257 ossa
398 219 503 265 ferit,
523 222 691 268 cingunt
709 232 786 269 qua
804 224 984 268 tempora
1003 223 1155 256 cristae.

133 279 174 310 et
193 273 298 323 quod
319 279 404 310 erat
422 273 558 310 tardus
577 275 702 310 somni
721 273 910 322 languore
931 276 1073 310 remoti

132 340 206 364 nec
225 330 330 364 senis
349 329 542 377 aspiciens
561 329 681 364 timor
699 327 979 364 obcaecaverat
997 332 1118 372 artus,

134 381 206 418 hoc
225 384 355 418 minus
373 381 569 430 implicuit
587 380 672 417 dira
691 380 901 417 formidine
922 385 1110 418 mentem.
1235 385 1310 418 200

132 448 249 485 quem
269 440 478 485 postquam
498 434 598 470 vidit
616 447 773 471 caesum
793 434 1063 483 languescere,
1083 434 1197 471 sedit.

186 489 269 525 Iam
289 491 417 538 quatit
438 493 480 525 et
499 489 642 537 biiugis
657 490 786 525 oriens
801 487 965 524 Erebois
980 501 1101 538 equos
1118 488 1205 524 Nox

132 547 174 579 et
192 545 305 592 piger
324 547 459 579 aurata
478 541 659 591 procedit
679 541 830 591 Vesper
849 542 898 577 ab
920 542 1036 588 Oeta,

131 610 220 632 cum
232 609 354 646 grege
367 595 568 645 compulso
580 600 724 645 pastor,
737 594 1031 644 duplicantibus
1045 596 1203 641 umbris,

132 650 239 687 vadit
259 655 301 687 et
320 653 359 686 in
380 649 502 686 fessos
521 652 699 699 requiem
720 649 813 686 dare
835 654 1036 698 comparat
1054 655 1172 686 artus.
1232 654 1320 687 205.

131 706 241 740 cuius
263 709 306 740 ut
325 705 488 740 intravit
508 703 629 740 levior
649 716 720 751 per
739 715 899 752 corpora
918 715 1077 740 somnus

130 757 395 807 languidaque
416 757 538 793 effuso
557 759 789 806 requierunt
808 756 984 792 membra
1004 769 1156 805 sopore,

130 812 277 860 effigies
296 811 346 847 ad
366 824 455 847 eum
478 810 620 846 Culicis
640 810 803 846 devenit
822 815 864 847 et
882 809 939 846 illi

130 867 252 901 tristis
271 865 320 901 ab
341 869 487 901 eventu
508 866 653 900 cecinit
673 865 847 900 convicia
866 866 1013 901 mortis.

129 922 153 939 “
166 918 291 968 quis,’'
313 921 455 968 inquit,
476 922 501 938 “
512 920 663 954 meritis
678 917 727 953 ad
744 930 843 967 quae
859 916 1015 955 delatus
1030 918 1189 955 acerbas
1232 922 1307 955 210

128 985 246 1021 cogor
264 971 372 1008 adire
393 972 523 1007 vices?
552 976 621 1007 'cua
640 971 735 1007 dum
755 971 851 1006 mihi
872 973 995 1007 carior
1013 974 1097 1021 ipsa

128 1028 208 1061 vita
227 1024 303 1061 fuit
324 1027 414 1069 vita,
438 1027 566 1074 rapior
586 1037 656 1073 per
675 1026 807 1060 inania
826 1026 966 1063 ventiS.

128 1084 170 1115 tu
191 1078 324 1115 lentus
343 1078 496 1114 refoves
516 1077 687 1114 iucunda
706 1078 882 1114 membra
901 1080 1050 1127 quiete,

127 1138 288 1181 ereptus
306 1134 445 1169 taetris
466 1144 487 1168 e
507 1131 706 1175 cladibus3
735 1136 776 1167 at
795 1144 883 1167 mea
904 1131 1043 1168 Manes

128 1189 275 1222 viscera
294 1185 491 1222 Lethaeas
511 1190 660 1234 cogunt
680 1190 883 1221 transnare
904 1198 974 1233 per
993 1185 1142 1229 undus3
1229 1190 1304 1223 215

127 1239 272 1288 praeda
292 1239 481 1276 Charonis
500 1252 607 1288 agor,
627 1238 707 1274 vidi
727 1243 769 1275 et
787 1237 991 1287 flagrantia
1011 1239 1138 1275 taedis

126 1293 284 1329 limina:
312 1293 525 1329 conlucent
544 1291 709 1328 infernis
729 1295 859 1327 omnia
878 1291 1049 1341 templis.

126 1348 238 1383 obvia
257 1346 485 1395 Tisiphone,
505 1346 757 1395 serpentibus
777 1345 952 1395 undiquc
972 1351 1141 1395 compta,

126 1406 168 1437 et
187 1400 359 1436 flammas
380 1405 422 1436 et
441 1413 555 1436 saeva
575 1401 705 1448 quatit
723 1398 820 1434 mihi
842 1399 1014 1437 verbera.
1072 1412 1176 1448 pone

126 1454 332 1498 Cerberus,
353 1458 395 1489 et
414 1453 508 1489 diris
528 1452 695 1501 flagrant
714 1451 920 1489 latratibus
940 1465 1017 1497 ora,
1228 1458 1304 1490 220

124 1507 318 1556 anguibus
331 1506 423 1542 hinc
435 1511 554 1555 atque
567 1506 660 1542 hinc
673 1505 836 1542 horrent
848 1508 909 1542 cui
923 1506 1021 1542 eolla
1034 1505 1098 1542 refl
1105 1509 1198 1553 exis,

124 1562 410 1609 sanguineique
430 1562 579 1596 micant
598 1558 777 1595 ardorem
799 1558 956 1595 luminis
976 1560 1099 1596 orbes.

168 1683 211 1703 ¹⁹⁸
235 1683 357 1714 remoti
386 1683 546 1714 Vollmer:
572 1685 713 1713 remoto.

168 1727 211 1745 ¹⁰⁹
234 1737 295 1757 nec
310 1726 401 1757 senis
417 1725 617 1765 Herczberqs
640 1725 774 1756 nescius
792 1730 838 1756 n:
864 1735 925 1756 nec
941 1726 1036 1766 prius
1052 1725 1159 1766 Silliy.

168 1769 211 1788 ²⁰⁰
234 1768 393 1809 implevit,
417 1768 469 1800 Vl.

167 1812 210 1830 ²¹⁰
233 1812 310 1852 quis
326 1811 441 1852 inquit
456 1811 575 1851 Heyne
588 1821 599 1842 :
621 1810 705 1859 quid
723 1810 837 1852 inquit
854 1815 893 1843 1':
917 1810 1032 1851 inquit
1048 1811 1142 1853 quid.

167 1855 210 1873 ²¹²
234 1854 360 1893 ventis]
376 1854 506 1885 Averni
524 1853 695 1885 Ηείηειιω.

166 1897 210 1916 2¹⁰
235 1897 305 1927 vidi
322 1900 358 1928 et
374 1901 412 1928 r:
438 1896 534 1927 vides
551 1896 651 1935 (vidi)
669 1900 717 1928 ut..

166 1939 208 1959 ¹¹⁷
233 1939 352 1970 limina
368 1939 454 1971 AT:
476 1939 614 1970 lumina.
750 1939 792 1958 ²²⁰
816 1940 866 1978 et]
882 1949 923 1970 en
940 1939 1090 1979 Ribbeck,
1115 1940 1267 1973 Vollmer.

165 1982 208 2001 ²²¹
231 1981 374 2014 horrent
390 1982 447 2015 H:
470 1987 569 2014 arent
586 1987 621 2015 Ω.
747 1982 790 2002 ²²²
813 1982 1076 2025 sanguineaque.

123 2031 198 2069 386
