1399 2271
636 50 826 86 VIRGIL

141 140 172 174 si
191 151 271 174 non
292 138 450 187 Assyrio
468 136 620 175 fuerint
637 138 705 174 bist
716 137 823 174 lauta
843 138 971 174 colore

142 196 324 233 Attalicis
343 197 483 245 opibus
502 196 595 233 data
615 196 774 242 vellera,
793 199 824 233 si
843 199 948 234 nitor
966 199 1047 233 auri

141 256 213 292 sub
232 255 417 305 laqueare
437 255 576 292 domus
594 258 769 291 animum
789 268 867 292 non
888 258 1019 305 tangit
1037 269 1194 293 avarum

141 317 398 363 picturaeque
419 313 552 360 decus,
571 313 746 363 lapidum
767 328 841 351 nec
860 314 990 364 fulgor
1009 318 1048 351 in
1069 315 1148 351 ulla

142 376 322 423 cognitus
341 373 516 410 utilitate
535 379 684 418 manet,
704 387 778 410 nec
798 374 937 422 pocula
956 379 1112 423 gratum

142 432 302 469 Alcom's
321 431 501 468 referunt
524 431 745 481 Boethique
764 437 943 469 toreuma
960 446 1034 469 nec
1057 433 1145 469 Indi

142 491 316 528 conehea
336 492 429 527 baca
450 493 565 527 maris
585 493 713 540 pretio
734 496 818 527 est:
846 496 888 528 at
907 496 1067 540 pectore
1086 505 1184 540 puro

141 563 259 600 saepe
279 563 396 600 super
416 555 555 586 tenero
575 552 790 599 prosternit
810 552 987 599 gramine
1007 563 1156 599 corpus,

142 609 276 647 florida
296 622 384 646 cum
404 608 536 653 tellus,
557 611 796 658 gemmantis
816 611 921 658 picta
940 622 1011 658 per
1030 609 1172 646 herbas
1229 627 1233 628 ⁷

141 682 233 706 vere
252 673 366 705 notat
386 666 492 703 dulci
512 667 700 704 distincta
720 666 912 703 coloribus
932 680 1045 712 arva;

141 734 262 778 atque
281 727 407 772 illum,
426 726 576 762 calamo
594 726 746 763 laetum
764 729 971 763 recinente
990 727 1155 776 palustri

142 790 300 836 otiaque
319 785 467 822 invidia
486 785 704 834 degentem
725 790 766 821 et
786 784 924 821 fraude
944 791 1095 822 remota

143 845 440 895 pollentemque
461 845 547 889 sibi,
568 844 682 880 viridi
701 846 778 880 iam
798 843 961 893 palmite
982 844 1118 882 lucens

142 904 293 942 Tmolia
313 905 524 953 pampineo
544 903 680 940 subter
700 916 810 939 coma
831 902 935 939 velat
954 906 1112 940 amictu.

142 963 200 1000 illi
218 968 312 1000 sunt,
331 967 466 1012 gratae
486 967 664 998 rorantes
684 962 785 998 lacte
806 961 980 1010 capellae

144 1028 185 1060 et
204 1035 345 1059 nemus
364 1027 406 1058 et
425 1020 597 1058 fecunda
619 1020 731 1057 Pales
753 1025 794 1057 et
814 1020 979 1058 vallibus
998 1023 1105 1059 intus

144 1094 298 1131 semper
318 1093 439 1130 opaca
457 1082 567 1116 novis
586 1082 788 1115 manantia
808 1079 983 1117 fontibus
1001 1086 1124 1117 antra.

198 1140 295 1186 Quis
310 1142 435 1189 magis
454 1144 591 1189 optato
611 1144 730 1188 queat
746 1152 831 1176 esse
849 1139 1004 1176 beatior
1022 1153 1130 1185 aevo,

143 1212 261 1250 quam
279 1200 346 1249 qui
365 1203 503 1234 mente
522 1197 657 1246 procul
679 1211 774 1246 pura
793 1211 990 1248 sensuque
1011 1199 1214 1247 probando

142 1272 222 1295 non
241 1258 373 1294 avidas
394 1260 554 1306 agnovit
575 1270 668 1305 opes
689 1269 763 1293 nee
782 1259 910 1294 tristia
929 1258 1034 1294 bella

143 1332 217 1355 nec
235 1317 396 1354 funesta
413 1320 531 1354 timet
551 1316 701 1353 validae
722 1319 940 1353 certamina
958 1316 1090 1354 classis

142 1382 231 1423 ne'c,
250 1377 382 1426 spoliis
402 1376 497 1412 dum
517 1381 652 1412 sancta
671 1375 791 1412 deum
811 1375 1056 1425 fulgentibus
1076 1382 1191 1413 ornet

142 1435 293 1485 templa
311 1435 374 1472 vel
394 1440 555 1471 evectus
575 1434 694 1471 finem
713 1434 968 1471 transcendat
987 1434 1173 1480 habendi,

144 1495 350 1532 adversum
370 1496 493 1531 saevis
513 1493 617 1530 ultro
637 1498 755 1543 caput
774 1493 952 1530 hostibus
972 1493 1112 1532 offert?

143 1554 201 1591 illi
220 1553 321 1590 falce
341 1553 438 1590 deus
459 1553 613 1598 colitur,
633 1566 713 1588 non
733 1558 817 1590 arte
836 1552 997 1602 politus,

143 1613 211 1650 ille
231 1612 326 1650 colit
344 1612 464 1658 lucos,
485 1612 541 1648 illi
564 1611 757 1648 Panchaia
778 1617 866 1649 tura

143 1671 300 1709 floribus
319 1676 496 1720 agrestes
515 1671 661 1707 herbae
681 1671 920 1707 variantibus
939 1670 1116 1715 addunt3

274 1745 302 1763 ⁶²
325 1743 471 1783 fuerint]
487 1742 618 1774 feriunt
635 1741 834 1773 Phillimore
847 1756 856 1774 :
880 1742 1016 1773 fervent
1033 1743 1128 1774 Ellis.

273 1787 301 1805 ⁵4
324 1787 438 1827 tangit,
463 1785 522 1817 W.-
544 1786 640 1826 angit
658 1785 740 1816 Ezc.
760 1784 866 1817 Ellis:
890 1789 994 1826 anget
1010 1785 1181 1817 Be'icheler.

274 1830 301 1848 ⁵⁵
324 1830 476 1871 gratum]
492 1827 634 1859 Graium
653 1827 824 1859 Heinsius.

273 1873 300 1891 ⁶⁷
323 1872 476 1903 referent,
493 1871 585 1903 CVr.
636 1870 775 1910 Boethi]
792 1871 921 1902 Rhoeei
938 1871 1148 1905 Lachmann.

274 1915 301 1934 ⁷¹
324 1914 416 1946 dulci
435 1914 515 1945 Exc.
539 1914 598 1945 H:
622 1913 732 1944 dulcis
748 1918 795 1945 Ω,-
817 1912 933 1945 dubiis
957 1914 1010 1946 1⁷².

274 1958 302 1977 ⁸⁸
324 1957 458 1989 addunt
477 1963 506 1995 Γ,
528 1956 636 1988 Eleia:
658 1957 786 1988 adsunt
803 1961 840 1990 Ω.

147 2001 221 2040 376

1269 313 1317 352 65

1244 897 1322 943 ’75

1275 1204 1324 1236 80

1275 1499 1322 1533 85
