1399 2271
629 55 818 93 VIRGIL

137 144 318 180 certatim
337 154 386 178 ex
405 143 512 178 omni
529 144 648 191 petiit
666 155 783 192 quam
803 142 967 180 Graecia
987 157 1122 193 regno,

136 209 212 246 qua
231 208 371 232 curvus
390 200 513 232 terras
531 195 785 245 amplectitur
806 196 1102 247 Hellespontus.

136 249 202 285 illa
220 262 296 299 ego
313 262 413 294 sum,
435 249 578 294 Minos,
597 255 747 286 sacrato
767 249 928 287 foedere
948 254 1118 288 coniunx

135 303 242 340 dicta
260 303 356 339 tibi:
384 308 519 339 tamen
538 302 648 347 haec,
669 305 744 340 etsi
762 316 843 339 non
860 306 1017 354 accipis,
1035 305 1155 343 audis.
1231 311 1306 344 415

136 359 320 393 vinctane
338 361 423 392 tam
439 359 575 405 magni
593 357 757 393 tranabo
776 360 945 406 gurgitis
962 359 1086 395 undas
1100 360 1114 395 ?

136 412 267 447 vineta
286 415 347 446 tot
365 409 546 446 adsiduas
565 409 750 459 pendebo
769 423 818 447 ex
836 411 974 448 ordine
992 412 1126 449 luces?

136 477 216 500 non
231 463 416 513 equidem
430 476 494 500 me
509 463 585 499 alio
603 476 762 513 possum
780 464 1023 502 contendere
1042 466 1202 515 dignam

136 517 340 566 supplicio,
359 516 465 566 quod
483 519 537 553 sic
555 520 723 566 patriam
742 530 927 568 carosque
946 525 1111 567 penates

136 571 317 607 hostibus
331 572 554 619 immitique
573 570 706 607 addixi
724 573 859 620 ignara
877 577 1056 621 tyranno.
1233 579 1309 611 420

136 638 271 661 verum
291 627 424 668 istaec,
446 624 589 669 Minos,
608 624 695 660 illos
713 624 905 661 scelerata
923 629 1070 674 putavi,

137 682 168 714 si
187 682 321 714 nostra
339 682 433 713 ante
452 677 591 727 aliquis
608 677 797 715 nudasset
816 678 978 715 foedera
997 693 1120 726 casus,

136 731 319 776 facturos,
340 743 506 780 quorum
524 730 689 780 direptis
707 732 913 769 moenibus
931 734 1050 778 urbis,

137 798 159 821 o
179 798 252 834 ego
272 783 457 830 crudelis,
474 784 628 820 flamma
647 784 810 821 delubra
829 788 976 834 petivi3

136 844 177 876 te
197 851 289 874 vero
308 841 456 874 victore
474 840 581 886 prius
600 838 664 874 vel
682 838 810 875 sidera
829 852 962 876 cursus
1232 846 1307 879 4⁶25

136 897 335 928 mutatura
353 904 455 936 suos,
474 904 591 941 quam
610 896 652 928 te
670 891 768 928 mihi
785 892 879 929 talia
898 898 1037 942 captae

138 944 332 982 facturum
350 947 486 981 metui.
544 947 621 981 iam
639 948 717 981 iam
736 945 862 982 scelus
881 950 1012 982 omnia
1032 950 1163 985 vincit.

137 1004 230 1035 tene
250 1011 325 1047 ego
344 998 432 1047 pius
451 1000 578 1047 patrio
598 998 719 1035 dilexi
738 999 894 1047 perdita
913 1002 1064 1049 regno?

138 1058 230 1089 tene
250 1053 352 1100 ego?
407 1064 482 1087 nec
500 1054 656 1097 mirum,
675 1052 784 1089 voltu
804 1052 973 1102 decepta
992 1054 1123 1103 puella

137 1108 197 1151 (ut
216 1105 308 1150 vidi,
329 1109 373 1141 ut
391 1105 512 1154 perii!
543 1110 586 1142 ut
605 1118 670 1141 me
688 1105 812 1142 malus
831 1107 995 1143 abstulit
1015 1120 1122 1144 error
1136 1110 1160 1157 Ξ)
1230 1113 1309 1146 430

136 1172 214 1195 non
234 1158 420 1208 equidem
439 1171 488 1195 ex
506 1160 582 1194 isto
601 1161 754 1207 speravi
772 1172 934 1209 corpore
952 1173 1066 1209 posse

136 1211 215 1249 tale
233 1212 381 1248 malum
399 1214 527 1255 nasci3
556 1211 680 1248 forma
699 1212 762 1249 vel
782 1213 910 1249 sidera
928 1213 1051 1252 fallas.

190 1270 215 1286 “
231 1265 298 1302 Me
319 1278 400 1301 non
419 1265 569 1302 deliciis
589 1269 800 1303 commovit
818 1269 926 1316 regia
944 1267 1067 1314 dives,

134 1319 244 1356 dives
262 1318 408 1355 curalio
426 1318 555 1367 fragili
576 1324 616 1355 et
635 1318 840 1356 lacrimoso
858 1320 1020 1366 electro,

135 1385 197 1409 me
216 1385 296 1408 non
315 1372 500 1408 florentes
518 1372 673 1422 aequali
692 1385 854 1422 corpore
872 1374 1084 1423 nymphae,
1230 1379 1304 1412 435

134 1439 212 1462 non
231 1430 362 1462 metus
380 1425 616 1474 impendens
636 1429 767 1475 potuit
785 1429 958 1464 retinere
978 1427 1165 1465 deorum:

133 1481 263 1515 omnia
281 1481 376 1516 vicit
394 1491 524 1515 amor:
552 1479 648 1529 quid
668 1482 775 1516 enim
793 1493 874 1517 non
892 1483 1068 1518 vinceret
1087 1481 1182 1518 ille?

176 1548 220 1567 ⁴¹³
242 1558 346 1589 quam
360 1558 486 1579 curvus
509 1558 527 1579 e
545 1548 646 1579 terris
663 1550 695 1585 (e
710 1548 846 1581 omitted
860 1549 901 1587 R,
921 1552 1033 1581 terras
1047 1549 1122 1589 ΑΞ).
1165 1550 1308 1583 Vollmer

131 1590 512 1631 recofflzae'assraqments
525 1591 568 1631 os
575 1596 637 1622 two
651 1601 766 1623 verses.

175 1634 218 1653 4¹⁵
241 1634 366 1674 aspicis
382 1633 554 1665 Heinsius.
802 1634 847 1654 ⁴¹⁶
869 1635 963 1667 victa
980 1635 1020 1667 R.

175 1677 219 1696 ⁴¹⁹
241 1676 333 1717 quod
349 1677 411 1715 sic]
426 1687 529 1717 quam
545 1676 638 1718 quod
654 1676 695 1708 L.
802 1677 846 1697 ⁴²⁰
868 1678 1005 1720 ingrata
1021 1677 1194 1711 Heinsius.

175 1719 218 1738 ⁴²²
240 1720 348 1750 istaec
383 1719 574 1751 Schrader:
612 1724 665 1751 est
701 1719 764 1751 hec
796 1721 898 1759 (hoe).
949 1732 1069 1753 verum
1106 1726 1182 1754 est:
1221 1724 1304 1755 haee

136 1761 290 1794 Vollmer.
800 1763 844 1783 ⁴²³
866 1763 1011 1796 flammis
1026 1764 1071 1796 A.

173 1805 217 1823 ⁴²⁷
239 1804 409 1836 factorum
427 1804 606 1844 (fatorum)
623 1805 693 1837 HA
701 1805 741 1837 R.

173 1847 218 1866 ⁴³²
240 1847 353 1878 sidera.
378 1847 486 1879 HA1:
524 1848 645 1880 sidere.
703 1848 804 1880 fallas
834 1849 981 1890 Haupt:
1015 1850 1116 1882 fallor
1146 1851 1241 1889 (falle
1266 1863 1304 1883 or

128 1890 255 1928 fallat).
479 1890 526 1910 ⁴³⁴
547 1890 644 1922 dives
660 1891 773 1923 added
788 1891 824 1923 in
838 1892 965 1924 Aldine
980 1893 1104 1925 edition
1122 1895 1214 1926 1534.

173 1932 218 1952 ⁴³⁶
240 1932 442 1975 impendens
460 1933 551 1965 Leo:
572 1934 758 1966 incendens
775 1935 987 1975 (incensam).

174 1975 217 1994 ⁴³⁷
240 1976 352 2008 vincit
367 1975 476 2008 LAR.

130 2023 204 2056 438
