1399 2271
640 66 831 104 VIRGIL

149 158 345 206 improvisi
363 155 521 201 adsunt,
540 154 603 190 hie
624 159 729 191 torre
749 158 922 191 armatus
941 153 1097 201 obusto,

148 218 292 265 stipitis
311 215 374 251 hic
393 213 543 263 gravidi
564 213 700 257 nodis3
729 212 834 262 quod
854 215 996 262 cuique
1016 217 1218 262 repertum

147 277 318 320 rimanti,
336 273 460 310 telum
481 275 535 308 ira
555 271 660 309 facit.
717 277 831 309 vocat
850 275 1007 321 agmina
1026 272 1214 322 Tyrrhus,
1244 285 1321 309 FMn

147 333 402 384 quadrifidam
422 344 609 382 quercum
629 334 764 368 cuneis
784 336 829 368 ut
848 331 950 369 forte
970 334 1115 369 coactis

146 391 364 437 scindebat,
383 396 494 440 rapta
515 392 665 439 spirans
685 392 856 427 immane
876 393 1013 428 securi.
1266 403 1321 428 MR

198 452 253 488 At
271 463 385 487 saeva
404 462 425 486 e
445 449 614 498 speculis
634 454 792 499 tempus
812 449 887 487 dea
906 455 1022 487 nacta
1041 449 1212 487 nocendi
1245 455 1314 487 511

146 510 265 546 ardua
284 514 391 546 tecta
410 511 514 557 petit
533 508 678 545 stabuli
697 513 740 545 et
758 508 809 545 de
829 509 1001 546 culmine
1020 522 1172 546 summo

146 568 338 618 pastorale
359 570 465 604 canit
485 569 643 616 signum
663 580 863 617 cornuque
884 581 1047 605 recurvo

145 627 369 664 Tartaream
389 625 565 663 intendit
583 638 733 672 vocem,
753 639 829 676 qua
848 629 1027 676 protinus
1046 639 1163 664 omne

144 689 382 723 contremuit
397 698 535 722 nemus
552 689 593 721 et
608 685 727 722 silvae
743 688 952 723 insonuere
968 685 1187 735 profundae
1202 698 1212 731 ;
1245 691 1318 724 515

143 745 267 782 audiit
286 750 327 782 et
346 745 500 781 Triviae
519 744 638 793 longe
658 744 777 790 lacus,
797 744 923 781 audiit
942 747 1068 782 amnis

142 804 324 854 sulpurea
345 803 425 840 Nar
444 803 555 840 albus
575 816 675 853 aqua
694 802 906 853 fontesque
928 803 1073 850 Velini,

142 869 184 901 et
203 863 380 912 trepidae
400 867 546 899 matres
566 874 745 911 pressere
764 862 813 899 ad
834 867 994 912 pectora
1014 868 1140 902 natos,

142 928 226 959 tum
247 935 337 958 vero
355 920 405 957 ad
426 934 561 957 vocem
582 920 744 966 celeres,
764 933 839 970 qua
860 922 1003 958 bucina
1021 924 1178 971 signum

141 981 224 1017 dira
244 980 369 1026 dedit,
390 983 509 1029 raptis
530 985 769 1016 concurrunt
788 979 965 1030 undique
985 980 1076 1017 telis
1243 985 1317 1018 520

140 1040 321 1077 indomiti
339 1039 547 1088 agricolae,
568 1051 642 1076 nec
662 1051 741 1075 non
762 1044 804 1076 et
821 1039 936 1076 Troia
956 1041 1081 1089 pubes

140 1099 309 1135 Ascanio
327 1097 515 1134 auxilium
536 1099 672 1134 castris
694 1097 862 1135 effundit
880 1101 1038 1148 apertis.

139 1158 328 1195 dei-exere
347 1159 460 1194 acies.
519 1170 598 1193 non
617 1159 694 1193 iam
714 1159 931 1195 certamine
951 1161 1111 1207 agresti,

139 1217 338 1266 stipitibus
357 1215 464 1252 duris
483 1218 614 1265 agitur
633 1215 843 1253 sudibusve
865 1219 1071 1265 praeustis,

139 1276 207 1312 sed
227 1275 330 1312 ferro
349 1277 511 1324 ancipiti
531 1274 754 1312 decernunt
773 1279 936 1325 atraque
956 1275 1036 1313 late
1240 1284 1315 1317 525

139 1335 329 1371 horrescit
348 1336 493 1370 strictis
513 1346 627 1382 seges
647 1334 806 1371 ensibus
826 1347 995 1384 aeraque
1015 1334 1174 1385 fulgent

138 1395 218 1431 sole
238 1393 417 1430 lacessita
437 1398 478 1429 et
498 1392 627 1429 lucem
647 1393 720 1429 sub
739 1393 874 1430 nubila
894 1396 1066 1432 iactant:

138 1453 276 1490 fluctus
296 1455 354 1490 uti
373 1455 498 1502 primo
518 1455 650 1502 coepit
669 1465 758 1489 cum
777 1453 978 1491 albescere
1000 1460 1133 1502 vento,

138 1512 326 1562 paulatim
345 1524 429 1548 sese
450 1511 556 1548 tollit
574 1524 681 1548 mare
701 1517 743 1549 et
762 1512 878 1549 altius
900 1512 1023 1550 undas

138 1574 266 1619 erigit,
286 1570 379 1607 inde
400 1573 476 1606 imo
497 1573 698 1619 consurgit
716 1570 765 1607 ad
785 1570 946 1608 aethera
967 1571 1101 1609 fundo.
1240 1580 1314 1612 530

138 1630 200 1665 hic
220 1631 370 1665 iuvenis
389 1632 552 1678 primam
572 1634 666 1666 ante
686 1631 811 1666 aciem
831 1630 1027 1668 stridente
1048 1635 1207 1681 sagitta,

137 1693 318 1724 natorum
338 1687 479 1737 Tyrrhi
501 1688 630 1725 fuerat
649 1691 715 1738 qui
735 1691 940 1735 maximus,
960 1690 1090 1736 Almo,

137 1749 326 1784 sternitur
341 1759 349 1790 3
370 1746 496 1783 haesit
509 1750 614 1783 enim
629 1748 700 1784 sub
713 1753 877 1797 gutture
891 1748 1027 1786 volnus
1041 1755 1083 1787 et
1098 1750 1197 1788 udae

139 1808 241 1842 vocis
260 1808 335 1842 iter
355 1811 596 1855 tenuemque
617 1806 777 1844 inclusit
797 1810 988 1856 sanguine
1010 1811 1139 1847 vitam.

350 1890 393 1909 ⁵¹⁰
416 1890 618 1922 scindebant
634 1892 695 1924 illl.
830 1893 873 1913 ⁵¹¹
897 1898 1022 1925 nancta
1038 1896 1075 1926 12.

351 1933 394 1952 ⁵¹²
419 1934 571 1965 incendit
587 1935 696 1967 211112‘1.
827 1935 870 1956 ‘²³
893 1936 1049 1969 direxere
1065 1939 1128 1979 Rq.

351 1975 394 1995 ⁵²⁵
418 1980 524 2017 ponto
540 1978 616 2009 MR.

140 2024 188 2057 38
