<?xml version="1.0" encoding="UTF-8"?>
<!DOCTYPE html PUBLIC "-//W3C//DTD XHTML 1.0 Transitional//EN"
    "http://www.w3.org/TR/xhtml1/DTD/xhtml1-transitional.dtd">
<html xmlns="http://www.w3.org/1999/xhtml" xml:lang="en" lang="en">
 <head>
  <title>
</title>
<meta http-equiv="Content-Type" content="text/html;charset=utf-8" />
  <meta name='ocr-system' content='tesseract 3.04.00' />
  <meta name='ocr-capabilities' content='ocr_page ocr_carea ocr_par ocr_line ocrx_word'/>
</head>
<body>
  <div class='ocr_page' id='page_1' title='image "./virgilwithenglis02virg_0236.png"; bbox 0 0 1399 2271; ppageno 0'>
   <div class='ocr_carea' id='block_1_1' title="bbox 639 78 829 115">
    <p class='ocr_par' dir='ltr' id='par_1_1' title="bbox 639 78 829 115">
     <span class='ocr_line' id='line_1_1' title="bbox 639 78 829 115; baseline 0 -1"><span class='ocrx_word' id='word_1_1' title='bbox 639 78 829 115; x_wconf 90' lang='lat' dir='ltr'>VIRGIL</span> 
     </span>
    </p>
   </div>
   <div class='ocr_carea' id='block_1_2' title="bbox 146 165 1210 1393">
    <p class='ocr_par' dir='ltr' id='par_1_2' title="bbox 146 165 1210 1393">
     <span class='ocr_line' id='line_1_2' title="bbox 152 165 1202 215; baseline 0.002 -15"><span class='ocrx_word' id='word_1_2' title='bbox 152 165 335 201; x_wconf 85' lang='lat' dir='ltr'>Herculis</span> <span class='ocrx_word' id='word_1_3' title='bbox 355 165 533 201; x_wconf 81' lang='lat' dir='ltr'>Antoren</span> <span class='ocrx_word' id='word_1_4' title='bbox 553 167 752 211; x_wconf 80' lang='lat' dir='ltr'>comitem,</span> <span class='ocrx_word' id='word_1_5' title='bbox 772 168 838 215; x_wconf 91' lang='lat' dir='ltr'>qui</span> <span class='ocrx_word' id='word_1_6' title='bbox 858 167 996 201; x_wconf 87' lang='lat' dir='ltr'>missus</span> <span class='ocrx_word' id='word_1_7' title='bbox 1016 166 1065 201; x_wconf 87' lang='lat' dir='ltr'>ab</span> <span class='ocrx_word' id='word_1_8' title='bbox 1086 165 1202 214; x_wconf 88' lang='lat' dir='ltr'>Argis</span> 
     </span>
     <span class='ocr_line' id='line_1_3' title="bbox 149 218 1171 268; baseline 0.002 -15"><span class='ocrx_word' id='word_1_9' title='bbox 149 218 329 255; x_wconf 76' lang='lat' dir='ltr'>haeserat</span> <span class='ocrx_word' id='word_1_10' title='bbox 349 218 534 255; x_wconf 81' lang='lat' dir='ltr'>Euandro</span> <span class='ocrx_word' id='word_1_11' title='bbox 553 224 672 268; x_wconf 87' lang='lat' dir='ltr'>atque</span> <span class='ocrx_word' id='word_1_12' title='bbox 695 218 793 255; x_wconf 86' lang='lat' dir='ltr'>Itala</span> <span class='ocrx_word' id='word_1_13' title='bbox 813 218 1045 255; x_wconf 84' lang='lat' dir='ltr'>consederat</span> <span class='ocrx_word' id='word_1_14' title='bbox 1065 218 1171 256; x_wconf 86' lang='lat' dir='ltr'>urbe.</span> 
     </span>
     <span class='ocr_line' id='line_1_4' title="bbox 147 271 1071 321; baseline 0.002 -14"><span class='ocrx_word' id='word_1_15' title='bbox 147 274 337 308; x_wconf 80' lang='lat' dir='ltr'>sternitur</span> <span class='ocrx_word' id='word_1_16' title='bbox 356 272 492 308; x_wconf 83' lang='lat' dir='ltr'>infelix</span> <span class='ocrx_word' id='word_1_17' title='bbox 512 272 641 308; x_wconf 87' lang='lat' dir='ltr'>alieno</span> <span class='ocrx_word' id='word_1_18' title='bbox 661 272 820 308; x_wconf 88' lang='lat' dir='ltr'>volnere</span> <span class='ocrx_word' id='word_1_19' title='bbox 840 271 1071 321; x_wconf 86' lang='lat' dir='ltr'>caelumque</span> 
     </span>
     <span class='ocr_line' id='line_1_5' title="bbox 147 325 1122 374; baseline 0.002 -14"><span class='ocrx_word' id='word_1_20' title='bbox 147 328 286 374; x_wconf 84' lang='lat' dir='ltr'>aspicit</span> <span class='ocrx_word' id='word_1_21' title='bbox 306 330 348 362; x_wconf 85' lang='lat' dir='ltr'>et</span> <span class='ocrx_word' id='word_1_22' title='bbox 367 325 492 361; x_wconf 85' lang='lat' dir='ltr'>dulcis</span> <span class='ocrx_word' id='word_1_23' title='bbox 511 328 682 362; x_wconf 90' lang='lat' dir='ltr'>moriens</span> <span class='ocrx_word' id='word_1_24' title='bbox 701 328 966 362; x_wconf 82' lang='lat' dir='ltr'>reminiscitur</span> <span class='ocrx_word' id='word_1_25' title='bbox 986 326 1122 374; x_wconf 87' lang='lat' dir='ltr'>Argos.</span> 
     </span>
     <span class='ocr_line' id='line_1_6' title="bbox 148 378 1155 428; baseline 0.001 -13"><span class='ocrx_word' id='word_1_26' title='bbox 148 383 232 415; x_wconf 88' lang='lat' dir='ltr'>tum</span> <span class='ocrx_word' id='word_1_27' title='bbox 252 381 338 428; x_wconf 87' lang='lat' dir='ltr'>pius</span> <span class='ocrx_word' id='word_1_28' title='bbox 358 379 514 416; x_wconf 79' lang='lat' dir='ltr'>Aeneas</span> <span class='ocrx_word' id='word_1_29' title='bbox 534 379 687 415; x_wconf 84' lang='lat' dir='ltr'>hastam</span> <span class='ocrx_word' id='word_1_30' title='bbox 706 381 820 423; x_wconf 81' lang='lat' dir='ltr'>iacit3</span> <span class='ocrx_word' id='word_1_31' title='bbox 849 378 914 414; x_wconf 87' lang='lat' dir='ltr'>illa</span> <span class='ocrx_word' id='word_1_32' title='bbox 933 392 1003 428; x_wconf 90' lang='lat' dir='ltr'>per</span> <span class='ocrx_word' id='word_1_33' title='bbox 1022 380 1155 416; x_wconf 87' lang='lat' dir='ltr'>orbem</span> 
     </span>
     <span class='ocr_line' id='line_1_7' title="bbox 147 432 1138 482; baseline 0.001 -14"><span class='ocrx_word' id='word_1_34' title='bbox 147 445 236 469; x_wconf 86' lang='lat' dir='ltr'>aere</span> <span class='ocrx_word' id='word_1_35' title='bbox 256 445 393 469; x_wconf 86' lang='lat' dir='ltr'>cavum</span> <span class='ocrx_word' id='word_1_36' title='bbox 413 432 572 481; x_wconf 86' lang='lat' dir='ltr'>triplici,</span> <span class='ocrx_word' id='word_1_37' title='bbox 590 445 661 481; x_wconf 89' lang='lat' dir='ltr'>per</span> <span class='ocrx_word' id='word_1_38' title='bbox 680 432 784 469; x_wconf 90' lang='lat' dir='ltr'>linea</span> <span class='ocrx_word' id='word_1_39' title='bbox 804 437 916 481; x_wconf 86' lang='lat' dir='ltr'>terga</span> <span class='ocrx_word' id='word_1_40' title='bbox 934 433 1138 482; x_wconf 87' lang='lat' dir='ltr'>tribusque</span> 
     </span>
     <span class='ocr_line' id='line_1_8' title="bbox 148 486 1073 536; baseline 0 -14"><span class='ocrx_word' id='word_1_41' title='bbox 148 488 303 522; x_wconf 87' lang='lat' dir='ltr'>transiit</span> <span class='ocrx_word' id='word_1_42' title='bbox 321 489 520 522; x_wconf 85' lang='lat' dir='ltr'>intextum</span> <span class='ocrx_word' id='word_1_43' title='bbox 539 489 660 522; x_wconf 87' lang='lat' dir='ltr'>tauris</span> <span class='ocrx_word' id='word_1_44' title='bbox 679 499 775 534; x_wconf 90' lang='lat' dir='ltr'>opus</span> <span class='ocrx_word' id='word_1_45' title='bbox 795 489 950 536; x_wconf 84' lang='lat' dir='ltr'>imaque</span> <span class='ocrx_word' id='word_1_46' title='bbox 970 486 1073 522; x_wconf 85' lang='lat' dir='ltr'>sedit</span> 
     </span>
     <span class='ocr_line' id='line_1_9' title="bbox 148 539 1178 588; baseline 0 -13"><span class='ocrx_word' id='word_1_47' title='bbox 148 542 334 588; x_wconf 82' lang='lat' dir='ltr'>inguine3</span> <span class='ocrx_word' id='word_1_48' title='bbox 363 539 432 576; x_wconf 90' lang='lat' dir='ltr'>sed</span> <span class='ocrx_word' id='word_1_49' title='bbox 453 542 542 576; x_wconf 90' lang='lat' dir='ltr'>viris</span> <span class='ocrx_word' id='word_1_50' title='bbox 562 539 665 576; x_wconf 88' lang='lat' dir='ltr'>haud</span> <span class='ocrx_word' id='word_1_51' title='bbox 686 539 860 588; x_wconf 88' lang='lat' dir='ltr'>pertulit.</span> <span class='ocrx_word' id='word_1_52' title='bbox 917 542 1023 576; x_wconf 83' lang='lat' dir='ltr'>ocius</span> <span class='ocrx_word' id='word_1_53' title='bbox 1043 552 1178 576; x_wconf 86' lang='lat' dir='ltr'>ensem</span> 
     </span>
     <span class='ocr_line' id='line_1_10' title="bbox 149 592 999 643; baseline 0 -14"><span class='ocrx_word' id='word_1_54' title='bbox 149 594 316 638; x_wconf 85' lang='lat' dir='ltr'>Aeneas,</span> <span class='ocrx_word' id='word_1_55' title='bbox 337 596 417 629; x_wconf 85' lang='lat' dir='ltr'>viso</span> <span class='ocrx_word' id='word_1_56' title='bbox 437 592 629 643; x_wconf 70' lang='lat' dir='ltr'>Tyrrheni</span> <span class='ocrx_word' id='word_1_57' title='bbox 650 596 841 641; x_wconf 88' lang='lat' dir='ltr'>sanguine</span> <span class='ocrx_word' id='word_1_58' title='bbox 860 593 999 638; x_wconf 87' lang='lat' dir='ltr'>laetus,</span> 
     </span>
     <span class='ocr_line' id='line_1_11' title="bbox 148 645 1113 695; baseline 0 -12"><span class='ocrx_word' id='word_1_59' title='bbox 148 650 264 695; x_wconf 88' lang='lat' dir='ltr'>eripit</span> <span class='ocrx_word' id='word_1_60' title='bbox 283 661 304 683; x_wconf 87' lang='lat' dir='ltr'>a</span> <span class='ocrx_word' id='word_1_61' title='bbox 324 647 471 683; x_wconf 81' lang='lat' dir='ltr'>femine</span> <span class='ocrx_word' id='word_1_62' title='bbox 493 652 534 683; x_wconf 91' lang='lat' dir='ltr'>et</span> <span class='ocrx_word' id='word_1_63' title='bbox 552 647 769 695; x_wconf 72' lang='lat' dir='ltr'>trepidanti</span> <span class='ocrx_word' id='word_1_64' title='bbox 790 645 962 683; x_wconf 81' lang='lat' dir='ltr'>fervidus</span> <span class='ocrx_word' id='word_1_65' title='bbox 982 648 1113 684; x_wconf 87' lang='lat' dir='ltr'>instat.</span> 
     </span>
     <span class='ocr_line' id='line_1_12' title="bbox 148 702 1001 749; baseline 0 -13"><span class='ocrx_word' id='word_1_66' title='bbox 148 703 343 749; x_wconf 86' lang='lat' dir='ltr'>ingemuit</span> <span class='ocrx_word' id='word_1_67' title='bbox 363 703 440 736; x_wconf 87' lang='lat' dir='ltr'>cari</span> <span class='ocrx_word' id='word_1_68' title='bbox 459 703 631 749; x_wconf 86' lang='lat' dir='ltr'>graviter</span> <span class='ocrx_word' id='word_1_69' title='bbox 649 702 839 749; x_wconf 84' lang='lat' dir='ltr'>genitoris</span> <span class='ocrx_word' id='word_1_70' title='bbox 858 712 1001 745; x_wconf 89' lang='lat' dir='ltr'>amore,</span> 
     </span>
     <span class='ocr_line' id='line_1_13' title="bbox 149 753 1149 803; baseline 0.001 -13"><span class='ocrx_word' id='word_1_71' title='bbox 149 760 192 790; x_wconf 86' lang='lat' dir='ltr'>ut</span> <span class='ocrx_word' id='word_1_72' title='bbox 211 754 323 800; x_wconf 82' lang='lat' dir='ltr'>vidit,</span> <span class='ocrx_word' id='word_1_73' title='bbox 343 754 504 798; x_wconf 84' lang='lat' dir='ltr'>Lausus,</span> <span class='ocrx_word' id='word_1_74' title='bbox 525 753 787 803; x_wconf 81' lang='lat' dir='ltr'>lacrimaeque</span> <span class='ocrx_word' id='word_1_75' title='bbox 807 767 878 802; x_wconf 90' lang='lat' dir='ltr'>per</span> <span class='ocrx_word' id='word_1_76' title='bbox 896 766 962 789; x_wconf 86' lang='lat' dir='ltr'>ora</span> <span class='ocrx_word' id='word_1_77' title='bbox 981 753 1149 791; x_wconf 75' lang='lat' dir='ltr'>volutae.</span> 
     </span>
     <span class='ocr_line' id='line_1_14' title="bbox 201 806 1196 856; baseline 0.001 -13"><span class='ocrx_word' id='word_1_78' title='bbox 201 808 281 844; x_wconf 92' lang='lat' dir='ltr'>Hic</span> <span class='ocrx_word' id='word_1_79' title='bbox 299 811 435 844; x_wconf 82' lang='lat' dir='ltr'>mortis</span> <span class='ocrx_word' id='word_1_80' title='bbox 455 807 574 844; x_wconf 81' lang='lat' dir='ltr'>durae</span> <span class='ocrx_word' id='word_1_81' title='bbox 595 821 726 844; x_wconf 86' lang='lat' dir='ltr'>casum</span> <span class='ocrx_word' id='word_1_82' title='bbox 745 813 892 856; x_wconf 86' lang='lat' dir='ltr'>tuaque</span> <span class='ocrx_word' id='word_1_83' title='bbox 912 809 1060 856; x_wconf 84' lang='lat' dir='ltr'>optima</span> <span class='ocrx_word' id='word_1_84' title='bbox 1079 806 1196 853; x_wconf 81' lang='lat' dir='ltr'>facta,</span> 
     </span>
     <span class='ocr_line' id='line_1_15' title="bbox 147 861 1107 911; baseline -0.001 -13"><span class='ocrx_word' id='word_1_85' title='bbox 147 864 177 898; x_wconf 92' lang='lat' dir='ltr'>si</span> <span class='ocrx_word' id='word_1_86' title='bbox 197 875 273 911; x_wconf 89' lang='lat' dir='ltr'>qua</span> <span class='ocrx_word' id='word_1_87' title='bbox 294 861 409 897; x_wconf 83' lang='lat' dir='ltr'>fidem</span> <span class='ocrx_word' id='word_1_88' title='bbox 431 866 543 898; x_wconf 81' lang='lat' dir='ltr'>tanto</span> <span class='ocrx_word' id='word_1_89' title='bbox 564 867 624 898; x_wconf 85' lang='lat' dir='ltr'>est</span> <span class='ocrx_word' id='word_1_90' title='bbox 643 864 751 910; x_wconf 86' lang='lat' dir='ltr'>operi</span> <span class='ocrx_word' id='word_1_91' title='bbox 775 861 902 897; x_wconf 83' lang='lat' dir='ltr'>latura</span> <span class='ocrx_word' id='word_1_92' title='bbox 921 865 1107 905; x_wconf 84' lang='lat' dir='ltr'>vetustas,</span> 
     </span>
     <span class='ocr_line' id='line_1_16' title="bbox 148 914 1210 964; baseline 0 -13"><span class='ocrx_word' id='word_1_93' title='bbox 148 929 225 951; x_wconf 91' lang='lat' dir='ltr'>non</span> <span class='ocrx_word' id='word_1_94' title='bbox 246 915 430 964; x_wconf 84' lang='lat' dir='ltr'>equidem</span> <span class='ocrx_word' id='word_1_95' title='bbox 451 928 524 951; x_wconf 92' lang='lat' dir='ltr'>nec</span> <span class='ocrx_word' id='word_1_96' title='bbox 543 919 598 960; x_wconf 91' lang='lat' dir='ltr'>te,</span> <span class='ocrx_word' id='word_1_97' title='bbox 619 917 769 951; x_wconf 86' lang='lat' dir='ltr'>iuvenis</span> <span class='ocrx_word' id='word_1_98' title='bbox 790 914 1057 959; x_wconf 85' lang='lat' dir='ltr'>memorande,</span> <span class='ocrx_word' id='word_1_99' title='bbox 1076 914 1210 952; x_wconf 85' lang='lat' dir='ltr'>silebo.</span> 
     </span>
     <span class='ocr_line' id='line_1_17' title="bbox 201 967 1166 1018; baseline 0 -14"><span class='ocrx_word' id='word_1_100' title='bbox 201 968 274 1005; x_wconf 92' lang='lat' dir='ltr'>Ille</span> <span class='ocrx_word' id='word_1_101' title='bbox 293 968 437 1017; x_wconf 88' lang='lat' dir='ltr'>pedem</span> <span class='ocrx_word' id='word_1_102' title='bbox 457 967 632 1004; x_wconf 87' lang='lat' dir='ltr'>referens</span> <span class='ocrx_word' id='word_1_103' title='bbox 653 973 694 1004; x_wconf 93' lang='lat' dir='ltr'>et</span> <span class='ocrx_word' id='word_1_104' title='bbox 713 968 862 1004; x_wconf 88' lang='lat' dir='ltr'>inutilis</span> <span class='ocrx_word' id='word_1_105' title='bbox 882 971 1001 1018; x_wconf 92' lang='lat' dir='ltr'>inque</span> <span class='ocrx_word' id='word_1_106' title='bbox 1022 967 1166 1016; x_wconf 86' lang='lat' dir='ltr'>ligatus</span> 
     </span>
     <span class='ocr_line' id='line_1_18' title="bbox 147 1020 1137 1071; baseline 0.001 -13"><span class='ocrx_word' id='word_1_107' title='bbox 147 1022 315 1058; x_wconf 82' lang='lat' dir='ltr'>cedebat</span> <span class='ocrx_word' id='word_1_108' title='bbox 333 1022 539 1071; x_wconf 82' lang='lat' dir='ltr'>clipeoque</span> <span class='ocrx_word' id='word_1_109' title='bbox 559 1025 761 1057; x_wconf 88' lang='lat' dir='ltr'>inimicum</span> <span class='ocrx_word' id='word_1_110' title='bbox 781 1020 922 1058; x_wconf 85' lang='lat' dir='ltr'>hastile</span> <span class='ocrx_word' id='word_1_111' title='bbox 942 1021 1137 1059; x_wconf 69' lang='lat' dir='ltr'>trahebat,</span> 
     </span>
     <span class='ocr_line' id='line_1_19' title="bbox 147 1077 1062 1125; baseline 0.001 -14"><span class='ocrx_word' id='word_1_112' title='bbox 147 1078 338 1125; x_wconf 86' lang='lat' dir='ltr'>proripuit</span> <span class='ocrx_word' id='word_1_113' title='bbox 357 1078 509 1111; x_wconf 87' lang='lat' dir='ltr'>iuvenis</span> <span class='ocrx_word' id='word_1_114' title='bbox 529 1087 694 1124; x_wconf 90' lang='lat' dir='ltr'>seseque</span> <span class='ocrx_word' id='word_1_115' title='bbox 715 1077 928 1111; x_wconf 86' lang='lat' dir='ltr'>immiscuit</span> <span class='ocrx_word' id='word_1_116' title='bbox 946 1078 1062 1112; x_wconf 85' lang='lat' dir='ltr'>armis</span> 
     </span>
     <span class='ocr_line' id='line_1_20' title="bbox 146 1128 1170 1178; baseline 0 -13"><span class='ocrx_word' id='word_1_117' title='bbox 146 1133 301 1178; x_wconf 89' lang='lat' dir='ltr'>iamque</span> <span class='ocrx_word' id='word_1_118' title='bbox 320 1128 570 1177; x_wconf 79' lang='lat' dir='ltr'>adsurgentis</span> <span class='ocrx_word' id='word_1_119' title='bbox 590 1128 730 1164; x_wconf 83' lang='lat' dir='ltr'>dextra</span> <span class='ocrx_word' id='word_1_120' title='bbox 749 1128 984 1178; x_wconf 77' lang='lat' dir='ltr'>plagamque</span> <span class='ocrx_word' id='word_1_121' title='bbox 1004 1128 1170 1165; x_wconf 85' lang='lat' dir='ltr'>ferentis</span> 
     </span>
     <span class='ocr_line' id='line_1_21' title="bbox 147 1181 1131 1231; baseline -0.001 -13"><span class='ocrx_word' id='word_1_122' title='bbox 147 1184 308 1219; x_wconf 88' lang='lat' dir='ltr'>Aeneae</span> <span class='ocrx_word' id='word_1_123' title='bbox 329 1183 449 1219; x_wconf 85' lang='lat' dir='ltr'>subiit</span> <span class='ocrx_word' id='word_1_124' title='bbox 468 1195 695 1219; x_wconf 87' lang='lat' dir='ltr'>mucronem</span> <span class='ocrx_word' id='word_1_125' title='bbox 715 1185 922 1231; x_wconf 86' lang='lat' dir='ltr'>ipsumque</span> <span class='ocrx_word' id='word_1_126' title='bbox 942 1181 1131 1218; x_wconf 86' lang='lat' dir='ltr'>morando</span> 
     </span>
     <span class='ocr_line' id='line_1_22' title="bbox 147 1235 1084 1285; baseline -0.001 -13"><span class='ocrx_word' id='word_1_127' title='bbox 147 1239 356 1279; x_wconf 82' lang='lat' dir='ltr'>sustinuit3</span> <span class='ocrx_word' id='word_1_128' title='bbox 385 1238 477 1272; x_wconf 85' lang='lat' dir='ltr'>socii</span> <span class='ocrx_word' id='word_1_129' title='bbox 498 1248 641 1284; x_wconf 91' lang='lat' dir='ltr'>magno</span> <span class='ocrx_word' id='word_1_130' title='bbox 662 1235 831 1272; x_wconf 84' lang='lat' dir='ltr'>clamore</span> <span class='ocrx_word' id='word_1_131' title='bbox 851 1241 1084 1285; x_wconf 87' lang='lat' dir='ltr'>sequuntur,</span> 
     </span>
     <span class='ocr_line' id='line_1_23' title="bbox 148 1289 1052 1339; baseline -0.001 -13"><span class='ocrx_word' id='word_1_132' title='bbox 148 1290 242 1326; x_wconf 90' lang='lat' dir='ltr'>dum</span> <span class='ocrx_word' id='word_1_133' title='bbox 261 1292 419 1339; x_wconf 82' lang='lat' dir='ltr'>genitor</span> <span class='ocrx_word' id='word_1_134' title='bbox 437 1292 520 1326; x_wconf 82' lang='lat' dir='ltr'>nati</span> <span class='ocrx_word' id='word_1_135' title='bbox 540 1302 673 1338; x_wconf 89' lang='lat' dir='ltr'>parma</span> <span class='ocrx_word' id='word_1_136' title='bbox 692 1294 894 1338; x_wconf 88' lang='lat' dir='ltr'>protectus</span> <span class='ocrx_word' id='word_1_137' title='bbox 914 1289 1052 1334; x_wconf 85' lang='lat' dir='ltr'>abiret,</span> 
     </span>
     <span class='ocr_line' id='line_1_24' title="bbox 149 1342 1208 1393; baseline -0.002 -13"><span class='ocrx_word' id='word_1_138' title='bbox 149 1344 308 1393; x_wconf 90' lang='lat' dir='ltr'>telaque</span> <span class='ocrx_word' id='word_1_139' title='bbox 328 1345 529 1379; x_wconf 87' lang='lat' dir='ltr'>coniciunt</span> <span class='ocrx_word' id='word_1_140' title='bbox 547 1344 861 1392; x_wconf 82' lang='lat' dir='ltr'>proturbantque</span> <span class='ocrx_word' id='word_1_141' title='bbox 882 1345 1034 1379; x_wconf 86' lang='lat' dir='ltr'>eminus</span> <span class='ocrx_word' id='word_1_142' title='bbox 1055 1342 1208 1378; x_wconf 83' lang='lat' dir='ltr'>hostem</span> 
     </span>
    </p>
   </div>
   <div class='ocr_carea' id='block_1_3' title="bbox 147 1397 367 1434">
    <p class='ocr_par' dir='ltr' id='par_1_3' title="bbox 147 1397 367 1434">
     <span class='ocr_line' id='line_1_25' title="bbox 147 1397 367 1434; baseline 0 -1"><span class='ocrx_word' id='word_1_143' title='bbox 147 1397 367 1434; x_wconf 68' lang='lat' dir='ltr'>missilibus</span> 
     </span>
    </p>
   </div>
   <div class='ocr_carea' id='block_1_4' title="bbox 425 1395 1136 1445">
    <p class='ocr_par' dir='ltr' id='par_1_4' title="bbox 425 1395 1136 1445">
     <span class='ocr_line' id='line_1_26' title="bbox 425 1395 1136 1445; baseline 0.001 -14"><span class='ocrx_word' id='word_1_144' title='bbox 425 1395 520 1432; x_wconf 84' lang='lat' dir='ltr'>furit</span> <span class='ocrx_word' id='word_1_145' title='bbox 541 1396 696 1432; x_wconf 87' lang='lat' dir='ltr'>Aeneas</span> <span class='ocrx_word' id='word_1_146' title='bbox 717 1401 926 1445; x_wconf 79' lang='lat' dir='ltr'>tectusque</span> <span class='ocrx_word' id='word_1_147' title='bbox 946 1401 1059 1432; x_wconf 79' lang='lat' dir='ltr'>tenet</span> <span class='ocrx_word' id='word_1_148' title='bbox 1079 1409 1136 1438; x_wconf 74' lang='lat' dir='ltr'>se.⁷</span> 
     </span>
    </p>
   </div>
   <div class='ocr_carea' id='block_1_5' title="bbox 145 1449 1088 1767">
    <p class='ocr_par' dir='ltr' id='par_1_5' title="bbox 146 1449 1085 1659">
     <span class='ocr_line' id='line_1_27' title="bbox 147 1449 1051 1499; baseline -0.002 -12"><span class='ocrx_word' id='word_1_149' title='bbox 147 1464 191 1487; x_wconf 84' lang='lat' dir='ltr'>ac</span> <span class='ocrx_word' id='word_1_150' title='bbox 211 1451 332 1496; x_wconf 86' lang='lat' dir='ltr'>velut,</span> <span class='ocrx_word' id='word_1_151' title='bbox 352 1449 471 1486; x_wconf 80' lang='lat' dir='ltr'>effusa</span> <span class='ocrx_word' id='word_1_152' title='bbox 490 1452 521 1486; x_wconf 93' lang='lat' dir='ltr'>si</span> <span class='ocrx_word' id='word_1_153' title='bbox 541 1450 698 1499; x_wconf 82' lang='lat' dir='ltr'>quando</span> <span class='ocrx_word' id='word_1_154' title='bbox 717 1449 909 1498; x_wconf 81' lang='lat' dir='ltr'>grandine</span> <span class='ocrx_word' id='word_1_155' title='bbox 929 1450 1051 1485; x_wconf 89' lang='lat' dir='ltr'>nimbi</span> 
     </span>
     <span class='ocr_line' id='line_1_28' title="bbox 147 1503 1066 1553; baseline -0.001 -13"><span class='ocrx_word' id='word_1_156' title='bbox 147 1506 419 1553; x_wconf 84' lang='lat' dir='ltr'>praecipitant,</span> <span class='ocrx_word' id='word_1_157' title='bbox 440 1506 566 1540; x_wconf 86' lang='lat' dir='ltr'>omnis</span> <span class='ocrx_word' id='word_1_158' title='bbox 585 1506 731 1552; x_wconf 85' lang='lat' dir='ltr'>campis</span> <span class='ocrx_word' id='word_1_159' title='bbox 750 1503 906 1552; x_wconf 78' lang='lat' dir='ltr'>diffugit</span> <span class='ocrx_word' id='word_1_160' title='bbox 924 1508 1066 1549; x_wconf 78' lang='lat' dir='ltr'>arator,</span> 
     </span>
     <span class='ocr_line' id='line_1_29' title="bbox 146 1556 1085 1606; baseline -0.001 -13"><span class='ocrx_word' id='word_1_161' title='bbox 146 1561 272 1594; x_wconf 89' lang='lat' dir='ltr'>omnis</span> <span class='ocrx_word' id='word_1_162' title='bbox 291 1562 333 1594; x_wconf 88' lang='lat' dir='ltr'>et</span> <span class='ocrx_word' id='word_1_163' title='bbox 351 1557 533 1606; x_wconf 87' lang='lat' dir='ltr'>agricola,</span> <span class='ocrx_word' id='word_1_164' title='bbox 553 1562 595 1593; x_wconf 93' lang='lat' dir='ltr'>et</span> <span class='ocrx_word' id='word_1_165' title='bbox 614 1562 702 1593; x_wconf 83' lang='lat' dir='ltr'>tuta</span> <span class='ocrx_word' id='word_1_166' title='bbox 720 1556 820 1593; x_wconf 86' lang='lat' dir='ltr'>latet</span> <span class='ocrx_word' id='word_1_167' title='bbox 839 1569 926 1593; x_wconf 84' lang='lat' dir='ltr'>arce</span> <span class='ocrx_word' id='word_1_168' title='bbox 948 1559 1085 1604; x_wconf 83' lang='lat' dir='ltr'>viator,</span> 
     </span>
     <span class='ocr_line' id='line_1_30' title="bbox 146 1610 928 1659; baseline -0.005 -11"><span class='ocrx_word' id='word_1_169' title='bbox 146 1617 214 1648; x_wconf 80' lang='lat' dir='ltr'>aut</span> <span class='ocrx_word' id='word_1_170' title='bbox 232 1613 356 1647; x_wconf 89' lang='lat' dir='ltr'>amnis</span> <span class='ocrx_word' id='word_1_171' title='bbox 376 1613 468 1659; x_wconf 88' lang='lat' dir='ltr'>ripis</span> <span class='ocrx_word' id='word_1_172' title='bbox 489 1615 557 1647; x_wconf 87' lang='lat' dir='ltr'>aut</span> <span class='ocrx_word' id='word_1_173' title='bbox 576 1610 646 1647; x_wconf 77' lang='lat' dir='ltr'>alti</span> <span class='ocrx_word' id='word_1_174' title='bbox 666 1610 815 1647; x_wconf 88' lang='lat' dir='ltr'>fornice</span> <span class='ocrx_word' id='word_1_175' title='bbox 835 1613 928 1654; x_wconf 77' lang='lat' dir='ltr'>saxi,</span> 
     </span>
    </p>

    <p class='ocr_par' dir='ltr' id='par_1_6' title="bbox 145 1662 1088 1767">
     <span class='ocr_line' id='line_1_31' title="bbox 145 1662 1088 1714; baseline -0.002 -13"><span class='ocrx_word' id='word_1_176' title='bbox 145 1665 239 1701; x_wconf 90' lang='lat' dir='ltr'>dum</span> <span class='ocrx_word' id='word_1_177' title='bbox 260 1665 362 1714; x_wconf 90' lang='lat' dir='ltr'>pluit</span> <span class='ocrx_word' id='word_1_178' title='bbox 381 1667 419 1700; x_wconf 90' lang='lat' dir='ltr'>in</span> <span class='ocrx_word' id='word_1_179' title='bbox 441 1666 568 1709; x_wconf 89' lang='lat' dir='ltr'>terris,</span> <span class='ocrx_word' id='word_1_180' title='bbox 589 1669 634 1700; x_wconf 89' lang='lat' dir='ltr'>ut</span> <span class='ocrx_word' id='word_1_181' title='bbox 653 1666 804 1713; x_wconf 88' lang='lat' dir='ltr'>possint</span> <span class='ocrx_word' id='word_1_182' title='bbox 823 1664 903 1700; x_wconf 89' lang='lat' dir='ltr'>sole</span> <span class='ocrx_word' id='word_1_183' title='bbox 924 1662 1088 1700; x_wconf 87' lang='lat' dir='ltr'>reducto</span> 
     </span>
     <span class='ocr_line' id='line_1_32' title="bbox 146 1716 1054 1767; baseline -0.001 -12"><span class='ocrx_word' id='word_1_184' title='bbox 146 1731 330 1755; x_wconf 89' lang='lat' dir='ltr'>exercere</span> <span class='ocrx_word' id='word_1_185' title='bbox 351 1718 479 1754; x_wconf 87' lang='lat' dir='ltr'>diem:</span> <span class='ocrx_word' id='word_1_186' title='bbox 510 1720 564 1754; x_wconf 91' lang='lat' dir='ltr'>sic</span> <span class='ocrx_word' id='word_1_187' title='bbox 584 1717 749 1754; x_wconf 89' lang='lat' dir='ltr'>obrutus</span> <span class='ocrx_word' id='word_1_188' title='bbox 768 1717 943 1767; x_wconf 90' lang='lat' dir='ltr'>undique</span> <span class='ocrx_word' id='word_1_189' title='bbox 963 1716 1054 1754; x_wconf 86' lang='lat' dir='ltr'>telis</span> 
     </span>
    </p>
   </div>
   <div class='ocr_carea' id='block_1_6' title="bbox 148 2035 222 2066">
    <p class='ocr_par' dir='ltr' id='par_1_7' title="bbox 148 2035 222 2066">
     <span class='ocr_line' id='line_1_33' title="bbox 148 2035 222 2066; baseline 0 0"><span class='ocrx_word' id='word_1_190' title='bbox 148 2035 222 2066; x_wconf 69' lang='lat'>224</span> 
     </span>
    </p>
   </div>
   <div class='ocr_carea' id='block_1_7' title="bbox 231 1813 522 1845">
    <p class='ocr_par' dir='ltr' id='par_1_8' title="bbox 231 1813 522 1845">
     <span class='ocr_line' id='line_1_34' title="bbox 231 1813 522 1845; baseline 0.003 -1"><span class='ocrx_word' id='word_1_191' title='bbox 231 1814 275 1833; x_wconf 80' lang='lat'>⁷⁸⁵</span> <span class='ocrx_word' id='word_1_192' title='bbox 298 1813 445 1844; x_wconf 76' lang='lat' dir='ltr'>transiet</span> <span class='ocrx_word' id='word_1_193' title='bbox 461 1813 522 1845; x_wconf 65' lang='lat' dir='ltr'>Ml.</span> 
     </span>
    </p>
   </div>
   <div class='ocr_carea' id='block_1_8' title="bbox 230 1855 884 1897">
    <p class='ocr_par' dir='ltr' id='par_1_9' title="bbox 230 1855 884 1897">
     <span class='ocr_line' id='line_1_35' title="bbox 230 1855 884 1897; baseline -0.003 -10"><span class='ocrx_word' id='word_1_194' title='bbox 230 1857 274 1876; x_wconf 70' lang='lat'>&#39;³9¹</span> <span class='ocrx_word' id='word_1_195' title='bbox 297 1856 427 1897; x_wconf 83' lang='lat' dir='ltr'>optimo</span> <span class='ocrx_word' id='word_1_196' title='bbox 443 1857 536 1893; x_wconf 67' lang='lat' dir='ltr'>mle,</span> <span class='ocrx_word' id='word_1_197' title='bbox 556 1855 668 1887; x_wconf 73' lang='lat' dir='ltr'>known</span> <span class='ocrx_word' id='word_1_198' title='bbox 694 1860 725 1886; x_wconf 79' lang='lat' dir='ltr'>to</span> <span class='ocrx_word' id='word_1_199' title='bbox 741 1855 884 1886; x_wconf 71' lang='lat' dir='ltr'>Servius.</span> 
     </span>
    </p>
   </div>
   <div class='ocr_carea' id='block_1_9' title="bbox 231 1899 540 2027">
    <p class='ocr_par' dir='ltr' id='par_1_10' title="bbox 231 1899 540 2027">
     <span class='ocr_line' id='line_1_36' title="bbox 231 1899 540 1939; baseline 0.006 -10"><span class='ocrx_word' id='word_1_200' title='bbox 231 1900 275 1919; x_wconf 73' lang='lat'>⁷⁹⁶</span> <span class='ocrx_word' id='word_1_201' title='bbox 298 1899 457 1939; x_wconf 80' lang='lat' dir='ltr'>prorupit</span> <span class='ocrx_word' id='word_1_202' title='bbox 473 1899 540 1931; x_wconf 82' lang='lat' dir='ltr'>PR.</span> 
     </span>
     <span class='ocr_line' id='line_1_37' title="bbox 232 1941 505 1982; baseline 0.004 -10"><span class='ocrx_word' id='word_1_203' title='bbox 232 1942 277 1962; x_wconf 79' lang='lat'>⁷⁹⁸</span> <span class='ocrx_word' id='word_1_204' title='bbox 299 1941 429 1982; x_wconf 82' lang='lat' dir='ltr'>subigit</span> <span class='ocrx_word' id='word_1_205' title='bbox 445 1942 505 1973; x_wconf 65' lang='lat' dir='ltr'>AN.</span> 
     </span>
     <span class='ocr_line' id='line_1_38' title="bbox 233 1984 533 2027; baseline 0.007 -11"><span class='ocrx_word' id='word_1_206' title='bbox 233 1985 276 2004; x_wconf 81' lang='lat'>⁸⁰⁷</span> <span class='ocrx_word' id='word_1_207' title='bbox 299 1985 409 2027; x_wconf 85' lang='lat' dir='ltr'>possit</span> <span class='ocrx_word' id='word_1_208' title='bbox 424 1984 533 2018; x_wconf 74' lang='lat' dir='ltr'><em>M²B¹.</em></span> 
     </span>
    </p>
   </div>
   <div class='ocr_carea' id='block_1_10' title="bbox 629 1897 1226 1973">
    <p class='ocr_par' dir='ltr' id='par_1_11' title="bbox 629 1897 1226 1973">
     <span class='ocr_line' id='line_1_39' title="bbox 632 1897 1075 1935; baseline 0 -6"><span class='ocrx_word' id='word_1_209' title='bbox 632 1899 675 1917; x_wconf 61' lang='lat'>⁷⁹⁷</span> <span class='ocrx_word' id='word_1_210' title='bbox 700 1898 842 1930; x_wconf 82' lang='lat' dir='ltr'>dextrae</span> <span class='ocrx_word' id='word_1_211' title='bbox 859 1898 912 1935; x_wconf 79' lang='lat' dir='ltr'>P2,</span> <span class='ocrx_word' id='word_1_212' title='bbox 932 1897 1075 1929; x_wconf 72' lang='lat' dir='ltr'>Servius.</span> 
     </span>
     <span class='ocr_line' id='line_1_40' title="bbox 629 1940 1226 1973; baseline -0.002 0"><span class='ocrx_word' id='word_1_213' title='bbox 629 1941 672 1961; x_wconf 79' lang='lat'>⁸⁰⁵</span> <span class='ocrx_word' id='word_1_214' title='bbox 695 1945 769 1973; x_wconf 84' lang='lat' dir='ltr'>arte</span> <span class='ocrx_word' id='word_1_215' title='bbox 784 1946 866 1973; x_wconf 79' lang='lat' dir='ltr'>most</span> <span class='ocrx_word' id='word_1_216' title='bbox 882 1941 978 1973; x_wconf 78' lang='lat' dir='ltr'><em>MSS.</em></span> <span class='ocrx_word' id='word_1_217' title='bbox 999 1941 1070 1972; x_wconf 78' lang='lat' dir='ltr'>and</span> <span class='ocrx_word' id='word_1_218' title='bbox 1085 1940 1226 1973; x_wconf 70' lang='lat' dir='ltr'>Servius.</span> 
     </span>
    </p>
   </div>
   <div class='ocr_carea' id='block_1_11' title="bbox 1244 221 1318 258">
    <p class='ocr_par' dir='ltr' id='par_1_12' title="bbox 1244 221 1318 258">
     <span class='ocr_line' id='line_1_41' title="bbox 1244 221 1318 258; baseline -0.041 0"><span class='ocrx_word' id='word_1_219' title='bbox 1244 221 1318 258; x_wconf 90' lang='lat'>780</span> 
     </span>
    </p>
   </div>
   <div class='ocr_carea' id='block_1_12' title="bbox 1242 487 1316 526">
    <p class='ocr_par' dir='ltr' id='par_1_13' title="bbox 1242 487 1316 526">
     <span class='ocr_line' id='line_1_42' title="bbox 1242 487 1316 526; baseline -0.054 0"><span class='ocrx_word' id='word_1_220' title='bbox 1242 487 1316 526; x_wconf 83' lang='lat'>785</span> 
     </span>
    </p>
   </div>
   <div class='ocr_carea' id='block_1_13' title="bbox 1243 755 1317 797">
    <p class='ocr_par' dir='ltr' id='par_1_14' title="bbox 1243 755 1317 797">
     <span class='ocr_line' id='line_1_43' title="bbox 1243 755 1317 797; baseline 0.041 -3"><span class='ocrx_word' id='word_1_221' title='bbox 1243 755 1317 797; x_wconf 83' lang='lat'>790</span> 
     </span>
    </p>
   </div>
   <div class='ocr_carea' id='block_1_14' title="bbox 1244 1294 1318 1326">
    <p class='ocr_par' dir='ltr' id='par_1_15' title="bbox 1244 1294 1318 1326">
     <span class='ocr_line' id='line_1_44' title="bbox 1244 1294 1318 1326; baseline 0 0"><span class='ocrx_word' id='word_1_222' title='bbox 1244 1294 1318 1326; x_wconf 87' lang='grc'>800</span> 
     </span>
    </p>
   </div>
   <div class='ocr_carea' id='block_1_15' title="bbox 1241 1559 1315 1594">
    <p class='ocr_par' dir='ltr' id='par_1_16' title="bbox 1241 1559 1315 1594">
     <span class='ocr_line' id='line_1_45' title="bbox 1241 1559 1315 1594; baseline -0.027 0"><span class='ocrx_word' id='word_1_223' title='bbox 1241 1559 1315 1594; x_wconf 87' lang='grc'>805</span> 
     </span>
    </p>
   </div>
  </div>
 </body>
</html>
