1399 2271
635 72 826 111 VIRGIL

142 173 298 211 semper
318 166 363 197 ut
381 165 450 197 aut
469 159 562 197 olim
581 165 699 198 natae
718 164 761 199 te
780 166 943 210 propter
962 161 1133 198 eundem

140 225 210 258 aut
227 220 351 257 Amor
369 222 529 257 insanae
548 219 701 257 luctum
721 223 893 269 portavit
910 220 1114 258 alumnae!

140 285 235 317 tene
254 293 329 329 ego
348 284 430 317 tam
449 279 569 328 longe
589 285 705 329 capta
725 284 845 329 atque
865 285 1002 317 avecta
1022 283 1195 331 nequivi,
1241 284 1318 324 290

139 345 221 376 tam
240 352 359 389 grave
379 341 596 384 servitium,
616 344 696 375 tam
718 338 836 375 duros
855 352 966 388 passa
985 338 1150 386 labores,

139 398 326 448 effugere,
346 411 369 434 o
389 398 448 434 bis
468 400 545 434 iam
566 399 732 434 exitium
751 397 913 435 crudele
932 399 1137 435 meorum?

139 461 215 495 iam
235 461 311 494 iam
331 470 405 494 nec
425 457 537 493 nobis
555 469 682 506 aequo
702 457 920 494 senioribus
940 457 1065 494 ullum

138 520 268 554 vivere
285 519 343 554 uti
358 520 513 565 cupiam
530 518 625 552 vivit
639 529 777 565 genus.
818 521 863 553 ut
877 516 972 566 quid
988 530 1062 566 ego
1076 531 1211 555 amens

137 582 178 614 te
199 581 348 626 erepta,
369 589 391 612 ο
411 575 652 621 Britomarti,
672 578 750 612 mei
770 588 860 625 spes
880 589 957 612 una
977 577 1189 625 sepulchri,
1241 582 1315 621 295

137 642 190 682 te,
213 636 452 681 Britomarti,
473 635 579 672 diem
598 637 710 685 potui
730 634 947 684 producere
969 637 1099 672 vitae?

136 701 256 746 atque
275 697 427 732 utinam
449 693 569 731 celeri
588 707 662 731 nec
682 699 840 731 tantum
859 700 971 743 grata
992 693 1143 731 Dianae

137 759 302 791 venatus
322 766 427 791 esses
446 755 556 802 virgo
576 758 727 790 sectata
747 756 929 799 virorum,

137 813 284 850 Gnosia
303 826 376 850 nec
399 812 544 849 Partho
565 811 813 849 contendens
833 812 981 862 spicula
1001 826 1122 851 cornu

137 873 321 911 Dictaeas
341 885 479 922 ageres
499 872 547 908 ad
567 874 745 922 gramina
765 877 860 909 nota
879 872 1071 921 capellas!
1239 879 1314 912 300

134 946 350 983 numquam
369 938 450 969 tam
470 932 613 968 obnixe
634 931 791 980 fugiens
813 931 956 968 Minois
975 945 1126 970 amores

134 1005 323 1042 praeceps
342 994 437 1028 aerii
457 990 616 1040 specula
635 990 686 1027 de
706 993 852 1027 montis
871 991 1032 1036 abisses,

135 1051 241 1089 unde
259 1050 324 1087 alii
344 1050 491 1099 fugisse
512 1049 646 1087 ferunt
666 1054 708 1086 et
731 1062 881 1086 numen
902 1049 1090 1099 Aphaeae

134 1113 295 1160 virginis
314 1109 548 1158 adsignant3
577 1108 655 1154 alii,
676 1121 753 1158 quo
772 1111 902 1145 notior
922 1121 1041 1155 esses,

135 1170 348 1220 Dictynam
368 1169 503 1205 dixere
523 1173 592 1205 tuo
607 1167 658 1204 de
678 1170 838 1204 nomine
857 1167 1001 1204 lunam.
1236 1174 1310 1208 305

133 1232 213 1266 sint
232 1229 329 1265 haec
349 1241 440 1265 vera
458 1227 600 1271 velim3
628 1226 725 1263 mihi
745 1231 866 1272 cerie,
886 1232 992 1273 nata,
1011 1230 1158 1277 peristi.

133 1301 347 1338 numquam
360 1300 435 1337 ego
446 1292 488 1324 te
501 1299 653 1323 summo
666 1286 899 1323 volitantem
912 1288 953 1322 in
965 1289 1113 1324 vertice
1126 1291 1271 1325 montis

134 1348 341 1398 Hyrcanos
360 1349 465 1383 inter
485 1348 649 1382 comites
669 1358 892 1395 agmenque
913 1345 1084 1382 ferarum

132 1408 382 1456 conspiciam,
401 1417 475 1442 nec
495 1410 537 1442 te
557 1404 793 1442 redeuntem
813 1404 993 1454 amplexa
1013 1405 1172 1444 tenebo,

177 1512 220 1531 ²³⁸
244 1515 284 1542 ut
300 1510 444 1541 inserted
460 1510 502 1550 by
518 1509 694 1541 Schrader.

176 1554 219 1574 ²ss²
241 1564 262 1586 o
277 1553 330 1585 bis
346 1554 412 1584 iam
430 1553 633 1584 Housman:
655 1551 831 1584 obsistam.

175 1597 218 1617 ²³³
242 1607 351 1638 aequo
367 1596 490 1637 Haupt
504 1606 515 1627 .·
537 1606 577 1627 ea
592 1606 658 1637 que
673 1597 786 1636 (quae)
803 1608 811 1628 :
834 1596 911 1626 aevi
929 1595 1116 1628 Heinsius:
1137 1596 1204 1628 heu
1220 1608 1307 1639 quae

138 1641 288 1673 Vollmer.

174 1684 217 1704 ²³⁴
242 1684 356 1714 vivere
369 1682 421 1714 uti
433 1681 567 1723 cupiam
585 1681 684 1721 Silliq
697 1692 707 1712 .·
723 1680 863 1712 vivendi
877 1682 1010 1723 copiam
1022 1682 1151 1714 HAR:
1167 1682 1304 1715 vivendi

131 1737 232 1758 causa
249 1731 301 1757 est
325 1725 476 1757 Vollmer.
608 1724 652 1744 ²⁹⁵
675 1724 862 1765 sepulchri]
880 1725 1003 1756 salutis
1020 1725 1110 1756 AiR.

173 1770 217 1789 ²⁹⁹
240 1780 301 1800 nec
328 1769 458 1800 Partho
482 1767 628 1809 Haupt:
650 1778 717 1798 neu
742 1767 873 1799 Partho
899 1767 1025 1799 Aldine
1053 1768 1175 1800 edition
1202 1770 1303 1803 1517:

130 1812 381 1853 nafe)upharto.
601 1810 647 1829 ⁵⁰⁰
669 1810 801 1852 puellas
817 1810 906 1842 ,4¹R.

172 1856 217 1875 ³⁰²
241 1855 368 1886 montis
382 1854 511 1885 abisses
527 1853 678 1893 Scaliyer
689 1864 700 1884 .·
724 1854 896 1884 montibu.Q
911 1854 1002 1884 isses.

172 1899 216 1918 ³⁶³
242 1898 309 1929 One
326 1908 413 1928 vers-e
430 1908 468 1927 or
483 1907 572 1927 more
588 1907 668 1936 may
692 1896 771 1927 huz-e
795 1897 947 1936 dropped
963 1901 1017 1927 out
1034 1897 1124 1937 aster
1140 1898 1211 1929 302.
1260 1898 1304 1929 So

129 1941 266 1973 Skutsch
283 1941 353 1971 and
379 1940 528 1971 Vollmer.
631 1939 676 1958 ⁸³⁶
699 1945 781 1970 sunt
798 1938 838 1970 R.

170 1984 214 2004 ³⁰⁷
239 1983 365 2015 montis
382 1983 527 2022 wantiny
545 1981 578 2013 in
598 1981 729 2013 HA1R,

130 2033 203 2066 428
