1399 2271
624 66 814 103 v1RG1L

134 156 335 203 prospexit
353 155 456 190 tristi
475 153 686 189 mulcatain
708 158 833 189 morte
853 151 1068 196 Camillam,

135 210 406 256 ingemuitque
425 206 617 256 deditque
636 206 705 242 has
725 209 802 241 imo
820 211 981 254 pectore
1002 216 1138 241 voces:
1231 208 1304 241 840

134 265 157 281 ‘⁶
171 261 248 297 heu
269 263 448 305 nimium,
466 263 587 309 virgo,
607 261 771 295 nimium
791 258 951 295 crudele
971 258 1078 294 luisti

134 314 380 363 supplicium,
400 313 572 350 Teucros
590 317 730 349 conata
749 312 939 348 lacessere
958 311 1087 348 bello!

135 381 208 404 nec
227 369 299 404 tibi
319 367 500 404 desertae
520 369 560 402 in
580 366 708 402 dumis
727 365 892 402 coluisse
913 364 1081 401 Dianam

135 421 283 470 profuit
302 425 370 457 aut
388 425 540 456 nostras
560 432 695 456 umero
713 422 879 468 gessisse
898 421 1072 467 sagittas.

136 488 214 511 non
235 480 368 511 tamen
389 473 615 510 indecorem
634 478 703 510 tua
723 478 762 508 te
784 475 920 521 regina
939 472 1098 521 reliquit
1233 475 1305 507 845

136 533 313 565 extrema
324 531 399 563 iam
413 530 452 563 in
465 532 605 572 morte,
619 539 748 576 neque
762 526 835 562 hoc
848 529 932 562 sine
945 527 1102 561 nomine
1114 525 1237 560 letum

136 595 206 631 per
225 584 356 630 gentis
376 584 452 618 erit
469 586 538 617 aut
556 580 699 616 famam
721 582 880 628 patieris
900 579 1061 615 inultae.

136 649 226 671 nam
247 637 484 684 quicumque
503 639 616 671 tuum
637 633 797 669 violavit
816 632 975 669 volnere
995 644 1146 681 corpus,

136 694 262 725 morte
283 689 368 724 luet
385 687 563 725 merita.''
621 686 697 723 fuit
716 689 857 735 ingens
875 691 1011 722 monte
1032 686 1103 722 sub
1123 685 1203 721 alto

137 744 240 791 regis
261 741 461 778 Dercenni
480 747 639 777 terreno
658 753 705 776 ex
725 752 871 788 aggere
890 739 1049 776 bustum
1085 738 1088 743 '
1234 742 1309 775 850

136 798 287 844 antiqui
308 795 516 831 Laurentis
535 806 734 843 opacaque
754 794 842 829 ilice
861 798 1036 836 tectum3

139 849 200 885 hic
221 849 295 885 dea
314 861 355 885 se
375 851 545 897 primum
563 848 699 896 rapido
721 846 981 896 pulcherrima
1000 848 1086 882 nisu

138 905 241 939 sistit
261 907 302 938 et
323 902 537 938 Arruntem
558 900 711 937 tumulo
730 900 956 950 speculatur
974 900 1023 936 ab
1042 899 1133 937 alto.

137 961 183 992 ut
201 955 301 992 vidit
319 955 536 991 laetantem
555 957 694 990 animis
712 967 756 989 ac
776 967 875 989 vana
893 958 1130 998 tumentem,

138 1009 273 1054 “cur,’'
287 1011 428 1058 inquit,
442 1012 468 1028 “
479 1007 654 1044 diversus
667 1007 775 1044 abis?
792 1006 868 1043 huc
881 1006 1017 1055 derige
1029 1019 1218 1055 gressum,
1236 1009 1308 1042 855

139 1063 214 1099 huc
234 1065 409 1111 periture
428 1064 531 1107 veni,
550 1063 679 1110 capias
698 1066 743 1097 ut
761 1060 881 1109 digna
900 1059 1086 1096 Camillae

139 1118 321 1165 praemia.
378 1120 477 1152 tune
496 1117 616 1151 etiam
636 1113 726 1150 telis
745 1116 912 1150 moriere
936 1113 1111 1150 Dianae?
1127 1112 1147 1125 '¹

139 1170 239 1206 dixit
259 1174 301 1206 et
319 1173 453 1205 aurata
472 1167 670 1204 volucrem
691 1167 873 1203 Threissa
892 1169 1076 1215 sagittam
1209 1178 1310 1202 FMPR

139 1223 383 1272 deprompsit
403 1221 587 1270 pharetra
606 1233 804 1270 cornuque
824 1220 977 1256 infensa
995 1219 1172 1257 tetendit

140 1282 181 1312 et
199 1276 314 1312 duxit
332 1276 463 1324 longe,
483 1275 610 1311 donec
629 1279 788 1310 curvata
806 1277 959 1310 coirent
1236 1271 1310 1310 860

139 1333 244 1366 inter
263 1342 303 1366 se
324 1332 453 1378 capita
473 1333 515 1365 et
533 1328 713 1364 manibus
732 1330 809 1363 iam
828 1331 1015 1376 tangeret
1033 1329 1180 1376 aequis,

138 1383 248 1419 laeva
267 1385 391 1419 aciem
411 1382 516 1426 ferri,
535 1381 676 1418 dextra
694 1393 894 1430 nervoque
913 1380 1108 1430 papillam.

139 1436 339 1484 extemplo
360 1435 431 1472 teli
450 1435 657 1471 stridorem
677 1447 866 1483 aurasque
886 1436 1060 1470 sonantis

138 1489 264 1526 audiit
283 1502 361 1525 una
379 1489 530 1525 Arruns
549 1488 755 1537 haesitque
775 1490 816 1523 in
836 1500 997 1536 corpore
1015 1486 1174 1523 ferrum.

139 1543 249 1579 illum
265 1545 530 1592 exspirantem
547 1544 639 1578 socii
655 1546 773 1590 atque
786 1546 963 1578 extrema
978 1545 1206 1589 gementem
1237 1537 1310 1576 865

138 1596 251 1633 obliti
269 1599 406 1645 ignoto
426 1608 651 1644 camporum
671 1597 710 1630 in
730 1594 892 1644 pulvere
911 1594 1119 1643 linquunt;

140 1650 237 1698 Opis
256 1650 305 1685 ad
324 1649 546 1686 aetherium
566 1650 697 1698 pinnis
715 1647 892 1685 aufertur
912 1647 1138 1697 Olympum.

196 1703 323 1739 Prima
342 1703 446 1752 fugit
464 1702 622 1739 domina
640 1704 780 1738 amissa
798 1701 895 1738 levis
914 1701 973 1736 ala
995 1700 1194 1746 Camillae,

141 1757 284 1792 turbati
304 1756 465 1805 fugiunt
487 1755 634 1801 Rutuli,
654 1755 757 1804 fugit
771 1768 861 1791 acer
879 1754 1031 1799 Atinas,

223 1826 266 1844 ⁸³⁰
290 1825 476 1856 mulcatam
491 1823 690 1864 MPRssbcz
709 1823 845 1854 Servius
857 1833 868 1855 .·
890 1823 1073 1854 multatam
1090 1822 1132 1856 ‹5¹-

223 1869 267 1886 844
290 1869 436 1909 sagittas
452 1868 491 1898 M
499 1878 511 1899 .·
533 1867 714 1908 pharetras
729 1867 820 1905 PRy.

223 1911 266 1929 ⁸⁴⁵
291 1911 462 1952 relinquet
478 1910 602 1949 P7b1c:
619 1909 785 1951 relinquit
801 1908 843 1941 b2.
936 1908 980 1927 ⁸⁵²
1003 1908 1081 1947 dea]
1097 1919 1135 1939 ea
1152 1908 1212 1942 Ml.

223 1954 268 1972 ⁸⁵²
292 1954 479 1984 laetantem
495 1953 619 1984 animis
635 1951 686 1984 Μ1
701 1963 711 1983 .·
734 1951 923 1993 fulgentem
940 1952 1044 1983 armis
1059 1951 1201 1991 AfflPlz-y.

221 1997 266 2016 ⁸⁵⁶
289 1996 433 2029 Camilla
449 1997 487 2027 R.

139 2031 214 2069 292
