1399 2271
655 54 844 91 VIRGIL

162 153 260 191 quae
280 153 419 177 manus
437 142 590 177 interea
608 140 744 177 Tuscis
764 143 975 177 comitetur
993 140 1042 176 ab
1061 142 1137 177 oris

163 197 327 231 Aenean
345 200 550 244 armetque
569 200 673 231 rates
693 194 912 244 pelagoque
932 194 1107 230 vehatur.
1261 191 1331 229 165

217 248 404 284 Massicus
421 253 554 284 aerata
572 251 754 296 princeps
768 254 877 284 secat
894 260 1063 297 aequora
1081 247 1201 295 Tigri,

161 302 232 337 sub
253 314 329 350 quo
349 301 456 338 mille
475 314 614 337 manus
633 304 832 346 iuvenum,
852 304 918 350 qui
936 304 1091 337 moenia
1111 301 1216 337 Clusi

162 358 306 404 quique
326 355 464 391 urbem
484 354 634 404 liquere
654 355 782 399 Cosas,
803 357 888 404 quis
907 354 988 391 tela
1007 357 1176 403 sagittae

161 411 369 458 gorytique
389 408 495 445 leves
516 410 660 444 umeris
679 413 721 444 et
740 407 874 444 letifer
892 420 1014 443 arcus.

163 476 238 498 una
256 467 390 498 torvus
409 462 514 498 Abas
530 475 537 497 :
567 461 657 498 huic
676 467 805 498 totum
824 462 1043 510 insignibus
1061 463 1177 497 armis
1262 462 1334 498 170

160 528 303 564 agmen
324 520 367 551 et
384 520 520 551 aurato
535 514 716 564 fulgebat
736 514 920 563 Apolline
939 517 1091 563 puppis.

161 574 362 606 sescentos
382 568 438 604 illi
458 568 623 605 dederat
645 568 859 617 Populonia
877 573 1004 604 mater

162 628 345 671 expertos
365 622 459 658 belli
478 625 652 666 iuvenes,
673 627 733 658 ast
755 621 836 657 Ilva
854 627 1055 658 trecentos

162 676 300 721 insula,
319 675 562 712 inexhaustis
583 675 801 724 Chalybum
822 688 1012 723 generosa
1030 674 1211 711 metallis.

162 732 302 766 tertius
322 729 388 765 ille
409 729 611 765 hominum
631 729 844 777 divumque
858 731 1054 777 interpres
1075 728 1213 773 Asilas,
1263 730 1333 766 175

163 786 223 819 cui
244 783 441 831 pecudum
461 782 592 826 fibrae,
613 782 711 818 caeli
731 784 791 818 cui
812 781 940 818 sidera
960 787 1100 830 parent

163 842 204 873 et
223 837 381 885 linguae
401 835 602 871 volucrum
623 841 664 871 et
683 837 861 884 praesagi
882 835 1056 871 fulminis
1076 838 1201 883 ignes,

163 890 270 926 mille
292 892 392 938 rapit
413 890 554 925 densos
574 891 656 925 acie
676 894 796 938 atque
817 889 1068 925 horrentibus
1089 888 1220 924 hastis.

164 944 232 979 hos
251 956 388 991 parere
409 944 549 979 iubent
569 941 749 991 Alpheae
768 942 817 977 ab
837 944 988 990 origine
1012 942 1133 986 Pisae,

164 998 253 1033 urbs
275 997 438 1032 Etrusca
458 995 550 1032 solo.
598 998 775 1044 sequitur
793 995 1078 1043 pulcherrimus
1098 995 1231 1044 Astyr,
1264 998 1335 1031 180

165 1051 286 1099 Astyr
305 1063 406 1098 equo
426 1049 550 1085 fidens
571 1054 612 1085 et
632 1048 927 1085 versicoloribus
945 1051 1072 1084 armis.

163 1109 224 1140 ter
242 1109 402 1139 centum
422 1102 598 1138 adiciunt
617 1102 746 1150 (mens
765 1103 945 1138 omnibus
965 1115 1043 1138 una
1062 1101 1284 1151 sequendi),

163 1160 229 1206 qui
249 1157 413 1193 Caerete
433 1156 561 1200 domo,
581 1158 648 1204 qui
669 1160 761 1192 sunt
782 1155 968 1191 Minionis
986 1158 1027 1191 in
1047 1157 1159 1200 arvis,
1233 1167 1335 1190 Mt‘nx·

163 1216 204 1247 et
228 1210 341 1259 Pyrgi
363 1215 517 1246 veteres
537 1212 880 1258 intempestaeque
901 1208 1120 1244 Graviscae.

217 1264 305 1299 Non
326 1276 400 1311 ego
420 1268 475 1308 te,
497 1262 685 1311 Ligurum
705 1262 845 1298 ductor
865 1261 1074 1298 fortissime
1095 1261 1213 1307 bello,
1265 1265 1334 1298 185

163 1320 397 1361 transierim,
418 1316 573 1365 Cinyre,
595 1321 636 1352 et
656 1318 788 1364 paucis
808 1318 994 1352 comitate
1015 1315 1184 1364 Cupavo,

162 1373 269 1406 cuius
289 1370 462 1406 olorinae
481 1374 648 1417 surgunt
668 1369 718 1405 de
739 1371 886 1405 vertice
907 1372 1051 1417 pinnae

161 1423 340 1474 (crimen,
355 1423 487 1467 Amor,
500 1421 693 1471 vestrum)
705 1422 931 1471 formaeque
945 1425 1100 1471 insigne
1112 1427 1312 1471 paternae.

162 1490 330 1526 namque
351 1476 485 1512 ferunt
504 1475 613 1511 luctu
636 1475 810 1525 Cycnum
831 1475 1088 1511 Phaethontis
1101 1478 1233 1521 amati,

163 1531 349 1579 populeas
368 1532 473 1566 inter
492 1529 651 1565 frondes
671 1529 929 1578 umbramque
949 1542 1124 1565 sororum
1266 1533 1337 1571 190

162 1585 254 1620 dum
276 1586 383 1619 canit
402 1588 443 1620 et
462 1588 656 1619 maestum
676 1595 786 1619 musa
806 1582 952 1618 solatur
971 1595 1156 1628 amorem,

225 1661 269 1680 ¹⁶8
293 1660 413 1692 Cosam
429 1660 481 1691 Pl.
668 1658 712 1678 ¹⁷⁸
734 1659 858 1698 hastis]
875 1659 978 1690 armis
994 1659 1069 1699 Ργῑ.

226 1704 270 1724 ²⁷⁹
293 1703 429 1744 Alphea
445 1703 492 1740 ill,
514 1702 682 1733 Priscian.

225 1747 268 1766 ¹³⁶
292 1746 407 1778 Cinire
432 1745 583 1785 1'72b1c2:
607 1745 755 1786 Cinyrae
770 1745 831 1776 JI:
854 1745 968 1776 cinera
983 1745 1032 1776 P:
1055 1745 1167 1776 cinere
1183 1745 1263 1785 7¹⁰¹·

203 1835 215 1854 ¹
237 1834 309 1897 Th?
336 1833 506 1874 Chalybes
534 1843 623 1864 were
649 1832 783 1864 famous
808 1832 960 1864 workers
986 1833 1022 1864 of
1047 1833 1146 1871 iron3
1177 1834 1219 1874 qs.
1249 1834 1332 1865 Aen.

160 1879 358 1952 Ἦὲιίἓῖῡὲο
384 1919 476 1957 thee,
505 1918 607 1956 Love,
635 1917 704 1950 and
735 1919 800 1960 thy
831 1917 975 1957 mother,
1009 1918 1137 1950 Venus.
1186 1919 1334 1961 Cycnus,

159 1964 273 1995 father
289 1963 324 1995 of
346 1961 498 2004 Cupavo,
519 1962 618 1993 loved
642 1962 833 2000 Phaethon,
853 1962 921 1993 and
938 1973 1006 1993 was
1023 1973 1042 1992 a
1060 1963 1199 1994 witness
1215 1962 1250 1994 of
1267 1963 1335 1994 this

163 2012 236 2044 182
