1399 2271
609 53 800 90 VIRGIL

120 149 162 180 et
179 155 276 193 quos
294 141 403 178 mille
421 141 487 178 die
507 143 630 178 victor
649 141 721 178 sub
740 140 901 177 Tartara
920 143 1020 188 misi,

118 197 290 233 inclusus
307 197 429 232 muris
448 194 660 244 hostilique
679 207 825 244 aggere
844 199 1013 244 saeptus.

119 249 250 286 ‘nulla
269 248 371 286 salus
389 247 521 286 bello!
577 250 696 297 capiti
715 261 812 284 cane
831 248 936 294 talia,
956 248 1134 294 demens,

121 303 320 340 Dardanio
336 303 532 352 rebusque
551 304 641 338 tuis.
697 301 862 350 proinde
883 305 1013 338 omnia
1031 316 1176 352 magno
1216 308 1291 339 400

119 370 170 394 ne
189 370 297 394 cessa
315 357 474 393 turbare
493 360 603 392 metu
623 360 742 405 atque
763 355 954 392 extollere
974 358 1064 392 viris

119 413 250 460 gentis
270 411 328 447 bis
348 413 487 454 victae,
507 414 643 446 contra
661 421 842 458 premere
861 422 968 445 arma
991 409 1131 446 Latini.

120 478 224 501 nunc
263 469 304 501 et
336 462 629 512 Myrmidonum
663 475 845 512 proceres
879 463 1049 513 Phrygia
1081 477 1186 500 arma

223 522 482 562 tremescunt,

120 585 225 608 nunc
244 577 286 608 et
304 570 478 620 Tydides
497 575 539 607 et
558 569 762 607 Larisaeus
783 569 971 616 Achilles,

118 627 244 661 amnis
263 630 304 661 et
326 624 541 660 Hadriacas
559 629 665 660 retro
685 623 789 672 fugit
808 623 973 660 Aufidus
993 623 1127 661 undas.
1216 629 1290 661 405

120 678 181 715 vel
201 692 289 715 cum
309 691 350 715 se
370 677 555 727 pavidum
575 682 711 713 contra
730 690 818 713 mea
837 680 962 726 iurgia
981 677 1107 726 fingit,

118 731 275 769 artificis
294 731 433 776 scelus,
455 736 496 767 et
514 730 723 767 formidine
743 733 890 767 crimen
909 732 1079 768 acerbat.

119 798 333 835 numquam
344 788 514 820 animam
525 784 646 821 talem
659 783 799 821 dextra
810 783 882 821 hac
896 782 1058 835 (absiste
1071 785 1236 837 moveri)

119 842 301 875 amittes:
332 838 485 875 habitet
504 843 637 874 tecum
657 843 699 874 et
717 840 769 874 sit
788 843 949 887 pectore
970 840 1010 874 in
1030 841 1115 875 isto.

120 906 225 929 nunc
239 892 287 928 ad
303 897 343 929 te
360 897 401 929 et
416 897 483 928 tua
499 905 653 940 magna,
669 896 794 940 pater,
809 891 987 928 consulta
1001 897 1186 929 revertor.
1218 897 1294 929 410

121 949 152 983 si
173 946 321 982 nullam
342 948 484 982 nostris
504 945 606 981 ultra
626 958 736 994 spem
756 948 868 993 ponis
888 948 926 980 in
948 948 1076 990 armis,

121 1002 151 1037 si
171 1005 252 1036 tam
273 999 420 1036 deserti
440 1012 572 1035 sumus
593 1004 634 1035 et
655 998 776 1035 semel
797 1001 955 1047 agmine
974 1011 1085 1035 verso

120 1053 299 1089 funditus
312 1052 524 1088 occidimus
537 1065 667 1101 neque
679 1051 801 1088 habet
815 1052 987 1088 Fortuna
999 1065 1233 1102 regressum,

121 1119 275 1143 oremus
295 1119 433 1155 pacem
453 1111 495 1142 et
515 1106 673 1142 dextras
692 1104 902 1142 tendamus
922 1109 1070 1142 inertis.

121 1173 356 1209 quamquam
372 1172 394 1196 ο
409 1161 439 1196 si
458 1159 596 1196 solitae
612 1161 819 1208 quicquam
837 1162 991 1195 virtutis
1007 1160 1166 1196 adesset
1180 1160 1187 1196 l
1219 1164 1292 1197 415

121 1214 187 1250 ille
207 1213 304 1249 mihi
322 1218 416 1250 ante
435 1213 531 1249 alios
549 1212 852 1261 fortunatusque
871 1212 1048 1249 laborum

122 1270 383 1316 egregiusque
401 1268 535 1311 animi,
554 1268 633 1315 qui,
653 1279 705 1303 ne
724 1266 818 1315 quid
837 1266 917 1303 tale
936 1266 1103 1311 videret,

121 1321 330 1369 procubuit
342 1322 512 1356 moriens
524 1325 566 1356 et
578 1319 741 1355 humum
754 1319 877 1356 semel
888 1332 955 1356 ore
967 1320 1187 1357 momordit.

121 1377 180 1411 sin
201 1379 243 1411 et
262 1387 356 1423 opes
376 1374 486 1409 nobis
508 1378 548 1409 et
567 1372 696 1409 adhuc
715 1375 864 1409 intacta
883 1375 1067 1410 iuventus

121 1427 343 1476 auxilioque
363 1428 478 1463 urbes
499 1426 622 1462 Italae
642 1426 855 1475 populique
876 1432 1098 1475 supersunt,
1220 1432 1294 1464 420

122 1483 181 1517 sin
201 1486 242 1517 et
260 1481 437 1517 Troianis
456 1493 544 1516 cum
564 1479 690 1516 multo
709 1480 831 1528 gloria
850 1483 961 1517 venit

122 1537 313 1583 sanguine
334 1534 444 1583 (sunt
462 1534 537 1570 illis
557 1546 625 1569 sua
643 1532 794 1578 funera,
814 1546 961 1584 parque
981 1546 1051 1583 per
1070 1537 1194 1571 omnis

121 1586 480 1637 tempestas)-—cur
497 1587 703 1623 indecores
722 1589 762 1622 in
781 1587 917 1624 limine
936 1590 1062 1636 primo

121 1641 351 1678 deficimus?
380 1654 448 1677 cur
459 1646 552 1677 ante
568 1641 704 1677 tubam
719 1645 866 1677 tremor
877 1646 1043 1690 occupat
1054 1643 1190 1679 artus?

121 1694 246 1731 multa
266 1694 350 1731 dies
370 1697 543 1744 variique
562 1693 672 1730 labor
688 1694 889 1731 mutabilis
907 1697 993 1731 aevi
1220 1700 1294 1733 425

121 1747 279 1785 rettulit
296 1750 336 1784 in
355 1748 508 1793 melius,
527 1747 673 1784 multos
690 1747 844 1784 alterna
861 1750 1034 1785 revisens

166 1839 211 1858 4⁰⁴
232 1838 385 1880 Rejected
401 1839 441 1879 by
457 1849 542 1871 some
559 1838 681 1871 editors
692 1850 707 1877 ,·
728 1839 771 1879 cf.
793 1848 832 1871 11.
853 1840 923 1873 197.

167 1882 210 1901 4¹⁰
232 1892 353 1923 magne
369 1883 413 1913 M.
486 1882 530 1901 ⁴¹²
553 1881 660 1913 semul
676 1883 725 1913 P:
746 1881 847 1913 simul
864 1882 958 1915 Mur.
1022 1884 1064 1903 ⁴²²²
1087 1887 1236 1926 suntque
1253 1886 1291 1917 R.

167 1925 211 1943 4²⁵
233 1925 416 1965 variusque
432 1925 578 1965 M2P271,
596 1924 800 1965 Macrobius,
820 1924 963 1958 Noniw.

167 1969 210 1987 4²⁶
235 1968 428 2010 multosque
445 1969 506 2000 M2.

126 2010 201 2050 262
