1399 2271
607 62 797 98 VIRGIL

114 165 187 187 nec
207 150 302 186 mihi
321 163 409 186 cum
430 149 590 186 Teucris
611 148 733 185 ullum
753 153 842 198 post
861 153 972 185 eruta
991 147 1139 184 bellum

117 213 316 261 Pergama,
332 224 406 249 nec
421 216 599 248 veterum
614 213 776 248 memini
791 209 964 246 laetorve
980 208 1181 245 malorum.
1213 212 1287 245 280

115 288 290 320 munera,
313 287 412 324 quae
433 276 568 323 patriis
586 273 636 310 ad
655 286 719 310 me
739 275 903 323 portatis
922 272 971 309 ab
990 274 1079 318 oris,

115 340 258 375 vertite
277 336 327 373 ad
347 337 524 374 Aenean,
581 338 762 373 stetimus
781 334 862 372 tela
880 347 1018 384 aspera
1036 339 1172 371 contra

115 399 430 449 contulimusque
449 411 610 435 manus:
641 402 805 447 experto
824 397 988 442 credite,
1007 401 1176 446 quantus

115 465 155 499 in
168 462 339 512 clipeum
351 461 551 510 adsurgat,
564 473 641 510 quo
653 460 811 497 turbine
824 463 1008 509 torqueat
1020 458 1181 495 hastam.

116 526 146 561 si
165 523 244 560 duo
264 528 468 573 praeterea
487 521 577 559 talis
598 521 716 559 Idaea
735 521 893 558 tulisset
1215 524 1289 557 285

115 592 220 623 terra
239 588 353 632 viros,
372 585 476 622 ultro
498 584 676 621 Inachias
695 586 869 621 venisset
887 583 937 620 ad
957 583 1073 620 urbes

119 648 324 685 Dardanus
346 653 387 685 et
405 650 524 685 versis
545 647 703 696 lugeret
723 646 887 683 Graecia
907 645 1007 682 fatis.

116 710 307 760 quidquid
321 709 427 759 apud
442 709 563 746 durae
578 713 774 745 cessatum
790 713 851 745 est
865 710 1021 744 moenia
1035 707 1186 753 Troiae,

119 773 304 810 Hectoris
325 772 566 822 Aeneaeque
586 784 704 808 manu
726 773 886 807 victoria
907 769 1068 806 Graium

118 834 245 872 haesit
263 839 305 871 et
324 836 365 870 in
385 833 582 871 decimum
603 834 767 882 vestigia
788 831 945 869 rettulit
962 844 1121 869 annum.
1217 834 1292 873 290

117 897 231 933 ambo
247 898 397 941 animis,
412 896 526 932 ambo
546 896 721 944 insignes
740 894 1029 944 praestantibus
1048 895 1190 939 armis;

118 959 181 995 hic
201 961 351 1008 pietate
371 960 485 1007 prior.
543 962 684 994 coeant
702 959 744 993 in
762 955 923 993 foedera
941 955 1118 1001 dextrae,

119 1034 194 1071 qua
214 1020 352 1064 datur3
380 1024 441 1057 ast
460 1021 575 1056 armis
605 1023 839 1055 concurrant
857 1031 963 1054 arma
982 1016 1143 1055 cavete!

119 1088 161 1120 et
180 1095 365 1132 responsa
385 1081 497 1118 simul
519 1094 619 1131 quae
639 1083 730 1126 sint,
750 1093 818 1117 rex
837 1082 1000 1130 optime,
1020 1082 1123 1129 regis

119 1144 262 1182 audisti
282 1150 323 1181 et
342 1156 442 1194 quae
462 1146 514 1180 sit
533 1156 676 1193 magno
696 1145 896 1180 sententia
914 1141 1056 1179 bello.”
1219 1145 1293 1184 295

172 1206 247 1242 Vix
267 1219 313 1243 ea
331 1205 467 1254 legati,
488 1208 694 1255 variusque
714 1217 783 1254 per
803 1217 866 1240 ora
888 1206 1059 1240 cucurrit

121 1267 367 1305 Ausonidum
386 1267 543 1303 turbata
563 1266 731 1304 fremor:
760 1279 831 1303 ceu
851 1279 942 1302 saxa
962 1270 1165 1302 morantur

120 1343 209 1367 cum
229 1329 384 1378 rapidos
404 1331 541 1373 amnis,
563 1328 606 1365 fit
626 1328 756 1365 clauso
776 1329 934 1377 gurgite
953 1340 1128 1363 murmur

120 1394 349 1441 vicinaeque
368 1389 545 1428 fremunt
564 1393 670 1440 ripae
690 1389 974 1439 crepitantibus
994 1389 1118 1425 undis.

121 1459 165 1491 ut
185 1456 354 1503 primum
374 1452 518 1501 placati
537 1454 656 1488 animi
677 1456 719 1488 et
737 1450 893 1500 trepida
911 1463 977 1487 ora
992 1454 1191 1501 quierunt,
1221 1455 1295 1488 300

122 1514 320 1564 praefatus
340 1514 449 1551 divos
469 1514 564 1550 solio
584 1527 652 1550 rex
672 1513 760 1550 infit
778 1514 827 1549 ab
846 1512 949 1551 alto:

175 1581 199 1599 “
214 1577 321 1614 Ante
343 1575 527 1626 equidem
544 1589 695 1612 summa
710 1575 760 1612 de
775 1588 817 1612 re
832 1577 1029 1621 statuisse,
1046 1574 1191 1621 Latini,

122 1644 164 1676 et
182 1638 326 1675 vellem
347 1643 389 1675 et
408 1637 537 1675 fuerat
555 1638 709 1682 melius,
728 1650 808 1674 non
826 1641 1006 1687 tempore
1025 1636 1095 1674 tali

122 1713 263 1749 cogere
283 1699 504 1745 concilium,
524 1713 614 1737 cum
632 1712 764 1737 muros
782 1698 937 1736 adsidet
956 1698 1089 1736 hostis.

123 1762 271 1799 bellum
290 1764 573 1811 importunum,
593 1764 710 1808 cives,
729 1774 818 1798 cum
837 1766 960 1810 gente
978 1760 1141 1798 deorum
1220 1765 1296 1798 305

122 1827 356 1874 invictisque
378 1827 467 1862 viris
487 1827 671 1874 gerimus,
692 1837 788 1874 quos
807 1823 915 1860 nulla
934 1822 1105 1872 fatigant

253 1912 294 1931 ²⁷³
319 1911 446 1942 belluni
464 1917 514 1942 est
538 1913 570 1943 R.
719 1911 760 1930 ²⁵¹
784 1910 950 1951 portastis
967 1910 1012 1946 br,
1032 1909 1176 1941 Servius.

253 1954 295 1973 ²³⁸
319 1958 488 1986 certatum
506 1955 557 1984 ,12²
721 1953 765 1972 ³⁰⁴
791 1952 924 1985 obsidet
941 1952 1041 1984 Mbc&

125 2021 200 2052 ⁶254
