1399 2271
580 443 810 491 LIBER
855 444 911 491 X

164 586 368 623 ΡΑΝῡιΤυιι
387 588 540 622 interea
559 585 697 622 domus
717 588 1002 635 omnipotentis
1022 586 1184 636 Olympi
1230 598 1333 622 Mpnv

162 639 448 689 conciliumque
461 644 574 676 vocat
586 639 719 676 divum
731 644 845 688 pater
856 645 975 689 atque
988 639 1191 676 hominum
1205 653 1273 676 rex

161 693 354 730 sideream
374 696 414 728 in
434 692 582 737 sedem,
603 698 726 729 terras
747 693 853 729 unde
873 693 1016 730 arduus
1036 696 1162 729 omnis

161 752 364 796 castraque
379 746 650 782 Dardanidum
662 751 840 795 aspectat
853 746 1095 796 populosque
1109 747 1280 783 Latinos.

162 800 372 837 considunt
390 802 507 836 tectis
527 801 810 848 bipatentibus,
830 802 970 849 incipit
988 803 1071 850 ipse
1087 814 1094 837 :
1313 804 1334 837 5

163 858 185 875 “
199 853 406 891 caelicolae
427 856 572 902 magni,
593 852 775 902 quianam
795 856 996 890 sententia
1015 854 1122 890 vobis

163 920 272 944 versa
290 912 396 943 retro
416 912 650 956 tantumque
669 909 808 943 animis
828 910 987 943 certatis
1007 908 1176 957 iniquis?

161 962 375 998 abnueram
396 960 500 997 bello
522 960 676 997 Italiam
697 973 928 997 concurrere
948 960 1119 997 Teucris.

162 1028 262 1065 quae
275 1019 410 1051 contra
423 1016 590 1050 vetitum
603 1013 822 1051 discordia?
842 1017 928 1063 quis
941 1019 1071 1051 metus
1085 1019 1154 1050 aut
1166 1014 1236 1050 hos

162 1073 231 1105 aut
250 1068 321 1104 hos
339 1080 446 1103 arma
465 1070 576 1117 sequi
595 1067 820 1117 ferrumque
840 1067 1032 1104 lacessere
1051 1069 1199 1104 suasit?
1292 1072 1337 1104 10

162 1122 349 1158 adveniet
368 1124 513 1157 iustum
533 1134 703 1170 pugnae,
723 1134 774 1157 ne
793 1124 991 1167 arcessite,
1009 1126 1180 1171 tempus,

163 1189 251 1212 cum
270 1175 354 1212 fera
375 1174 576 1223 Karthago
599 1175 781 1211 Romanis
800 1175 952 1211 arcibus
972 1175 1064 1210 olim

164 1232 328 1266 exitium
346 1241 534 1277 magnum
554 1233 674 1277 atque
695 1228 807 1277 Alpis
827 1230 1018 1265 immittet
1036 1234 1215 1277 apertas:

164 1288 249 1319 tum
269 1287 421 1319 certare
441 1281 552 1326 odiis,
572 1286 658 1317 tum
678 1294 739 1318 res
760 1284 932 1330 rapuisse
952 1281 1099 1318 licebit.

164 1349 268 1372 nune
287 1338 404 1372 sinite
425 1340 466 1372 et
485 1335 674 1384 placitum
694 1334 789 1371 laeti
810 1338 1034 1384 componite
1054 1335 1232 1372 foedus.”
1292 1339 1337 1372 15

218 1390 396 1438 Iuppiter
408 1388 505 1425 haec
517 1391 664 1437 paucis,
676 1393 717 1425 at
729 1402 808 1424 non
823 1389 956 1425 Venus
969 1402 1085 1425 aurea
1098 1394 1233 1425 contra

163 1456 285 1492 pauca
304 1441 449 1479 refert:

164 1501 221 1533 “o
241 1501 366 1545 pater,
385 1508 408 1532 o
426 1494 630 1531 hominum
650 1507 858 1544 rerumque
879 1501 1041 1532 aeterna
1060 1501 1234 1544 potestas

163 1551 350 1601 (namque
362 1548 468 1585 aliud
481 1548 575 1598 quid
589 1551 652 1594 sit,
665 1549 769 1598 quod
782 1551 858 1585 iam
872 1549 1080 1598 implorare
1092 1562 1281 1598 queamus
1293 1548 1326 1600 ?)

163 1606 301 1649 cernis,
322 1608 366 1639 ut
386 1602 580 1639 insultent
602 1602 750 1648 Rutuli,
769 1602 1003 1652 Turnusque
1023 1602 1173 1639 feratur
1290 1607 1338 1639 20

163 1671 232 1706 per
250 1656 401 1693 medios
421 1658 584 1705 insignis
599 1658 709 1705 equis
728 1656 982 1706 tumidusque
1002 1656 1176 1693 secundo

166 1711 292 1747 Marte
305 1711 420 1746 ruat?
440 1723 519 1746 non
532 1709 662 1746 clausa
673 1715 819 1758 tegunt
830 1712 906 1746 iam
919 1712 1073 1746 moenia
1086 1710 1257 1746 Teucros
1271 1722 1281 1746 t

221 1789 233 1807 4
256 1791 391 1829 spectat
412 1787 487 1827 P27.
580 1787 609 1806 ¹¹
631 1786 796 1818 adveniat
811 1800 842 1827 γ.
936 1787 964 1807 ¹⁵
987 1787 1068 1818 laeti
1085 1786 1257 1828 placidum
1275 1787 1320 1819 M.

205 1832 232 1851 ²⁰
256 1831 389 1862 feratur
405 1854 412 1861 .
432 1855 440 1862 .
462 1854 468 1861 .
490 1830 713 1870 tumidusque
728 1830 864 1861 omitted
880 1830 941 1862 ΜῙ.
1034 1830 1062 1849 ²²
1085 1830 1236 1861 claustra
1251 1830 1313 1862 Ml.

202 1909 213 1928 ¹
236 1908 307 1939 The
322 1907 440 1948 palace
464 1907 499 1938 of
522 1906 689 1948 Olympus
712 1906 773 1938 has
796 1906 897 1937 doors
920 1910 957 1938 at
981 1907 1040 1937 the
1064 1910 1138 1938 east
1161 1905 1227 1937 and
1253 1910 1338 1937 west

160 1951 255 1983 ends.
302 1950 463 1992 Through
480 1950 539 1981 the
556 1950 682 1981 former
701 1960 812 1981 comes
829 1950 888 1981 the
904 1960 968 1981 sun
986 1955 1022 1981 at
1039 1949 1138 1981 dawn
1152 1960 1162 1988 ;
1188 1949 1335 1991 through

160 1995 220 2026 the
236 1994 343 2025 latter
360 1995 387 2025 it
404 1997 540 2025 returns
557 1996 594 2024 at
611 1993 722 2034 night.

169 2041 240 2074 170
