1399 2271
614 48 805 113 VIR'GIL

177 162 257 199 Hie
277 161 386 199 velut
405 164 447 199 in
460 164 576 199 niveo
590 167 729 199 tenera
745 167 806 199 est
817 175 907 199 cum
926 165 1107 212 primitus
1125 175 1198 200 ovo
1218 167 1295 206 490

123 216 268 265 effigies
286 218 497 253 animantis
516 221 558 253 et
575 216 798 253 internodia
816 218 1003 253 membris

122 269 354 319 imperfecta
372 282 474 306 novo
492 269 649 306 fluitant
668 275 852 307 concreta
871 270 1011 316 calore,

121 326 176 360 sic
193 322 343 374 liquido
364 322 518 372 Scyllae
538 322 817 360 circumfusum
836 336 1006 373 aequore
1026 336 1164 374 corpus

121 376 292 414 semiferi
313 380 474 413 incertis
494 380 614 414 etiam
633 390 739 413 nunc
758 378 934 426 partibus
953 383 1060 414 artus

122 430 296 480 undique
314 431 523 467 mutabant
541 436 661 480 atque
680 430 856 480 undique
876 431 1141 468 mutabantur.
1216 436 1291 475 495

120 487 195 521 oris
213 483 338 521 honos
357 487 527 533 primum
547 489 588 521 et
606 483 742 521 multis
760 489 896 533 optata
913 484 1057 521 labella

121 543 162 574 et
181 537 340 588 patulae
359 537 500 574 frontis
520 540 671 587 species
691 550 942 574 concrescere
962 541 1003 574 in
1023 551 1145 575 unum

120 604 286 641 coepere
306 596 347 628 et
367 591 502 641 gracili
520 596 700 627 mentam
720 591 937 641 producere
956 597 1104 636 rostro;

119 650 204 681 tum
223 658 300 695 qua
318 658 360 682 se
379 644 555 681 medium
575 648 713 694 capitis
731 644 942 681 discrimen
961 646 1119 693 agebat,

119 711 211 735 ecce
230 703 411 748 repente,
430 697 540 735 velut
558 701 704 747 patrios
722 701 897 735 imitatus
917 697 1096 744 honores,
1217 704 1293 737 500

118 754 326 801 puniceam
345 754 541 788 concussit
560 765 660 801 apex
679 754 721 788 in
740 754 887 788 vertice
907 754 1081 796 cristam3

118 810 159 842 at
177 805 306 842 mollis
325 808 449 842 varios
468 808 651 842 intexens
670 805 803 854 pluma
823 804 971 842 colores

117 872 378 896 marmoreum
398 858 544 897 volucri
563 861 722 895 vest-ixit
741 861 919 908 tegmine
937 872 1076 908 corpus

117 912 304 962 lentaque
323 917 535 962 perpetuas
554 911 745 949 fuderunt
762 911 943 949 bracchia
962 916 1112 961 pinnas.

116 965 209 1002 'mde
228 965 322 1002 alias
339 971 472 1015 partes
490 968 690 1015 minioque
709 965 859 1002 infecta
877 966 1036 1002 rubenti
1215 971 1288 1005 505

116 1032 227 1056 crura
245 1032 345 1055 nova
363 1022 508 1056 macies
527 1018 693 1055 obduxit
712 1019 889 1068 squalida
907 1019 1012 1068 pelle

116 1077 158 1109 et
177 1072 344 1122 pedibus
363 1075 512 1109 teneris
530 1075 674 1121 unguis
692 1072 828 1109 adfixit
846 1078 991 1109 acutos.

116 1131 157 1163 et
175 1132 311 1163 tamen
329 1125 404 1162 hoc
422 1125 584 1162 demum
602 1129 768 1162 miserae
786 1139 1012 1163 succurrere
1031 1132 1147 1176 pacto

116 1182 176 1216 vix
196 1179 326 1216 fuerat
343 1178 498 1229 placida
517 1179 697 1228 Neptuni
711 1182 878 1228 coniuge
897 1179 1072 1229 dignum.

113 1246 328 1283 numquam
346 1233 453 1269 illam
473 1238 561 1282 post
580 1232 678 1269 haee
697 1232 800 1269 oculi
818 1232 952 1269 videre
970 1246 1128 1270 suorum
1211 1238 1287 1272 510

114 1300 327 1336 purpureas
345 1286 443 1322 flavo
461 1290 705 1323 retinentem
724 1289 872 1323 vertice
891 1289 1021 1332 vittas,

112 1352 193 1376 nou
211 1339 408 1377 thalamus
427 1339 539 1389 Syrio
558 1339 734 1388 fragrans
752 1342 907 1389 accepit
925 1353 1091 1386 amomo,

112 1393 243 1430 nullae
263 1393 370 1429 illam
389 1393 503 1430 sedes
519 1406 527 1430 ι
555 1393 650 1442 quid
670 1395 777 1430 enim
796 1406 886 1430 eum
904 1393 1062 1430 sedibus
1081 1394 1165 1431 illi?

111 1460 212 1497 quae
230 1446 346 1483 simul
366 1451 411 1483 ut
429 1459 514 1483 sese
534 1459 631 1483 cano
650 1446 701 1483 de
720 1449 879 1496 guigite
898 1446 1011 1483 velox

110 1513 200 1537 cum
219 1503 350 1537 sonitu
369 1499 419 1536 ad
438 1499 591 1536 caelum
610 1499 869 1536 stridentibus
889 1500 1032 1537 extulit
1051 1501 1122 1538 alis
1206 1507 1280 1540 515

110 1559 152 1591 et
170 1554 341 1590 mult-um
359 1553 440 1590 late
459 1553 643 1603 dispersit
662 1556 703 1589 in
722 1566 890 1603 aequora
908 1566 1049 1599 rorem,

109 1606 246 1644 infelix
266 1610 376 1656 virgo
394 1610 633 1657 nequiquam
652 1620 674 1642 a
693 1612 820 1643 morte
840 1612 1002 1656 recepta

108 1660 301 1697 incultum
321 1660 410 1697 solis
429 1663 471 1697 in
490 1661 651 1710 rupibus
670 1663 794 1710 exigit
811 1672 964 1706 aevum,

106 1715 266 1764 rupibus
286 1719 328 1751 et
346 1713 516 1763 scopulis
535 1719 576 1751 et
594 1713 773 1751 litoribus
792 1713 970 1751 desertis„

150 1785 194 1803 101
215 1784 414 1815 animantur
430 1783 543 1815 ΒΗΛ.
693 1783 738 1803 001
760 1794 967 1826 purpuream
982 1783 1077 1816 A'L.

148 1826 192 1846 ⁵⁰³
215 1837 414 1858 mansurum
429 1826 522 1858 A2L.

147 1869 192 1888 000
214 1879 405 1910 novamque
420 1870 510 1901 aciae
529 1872 552 1909 (-
557 1870 633 1908 em).
681 1869 806 1911 pellem
822 1869 959 1912 (pellis).
1019 1870 1063 1888 000
1086 1869 1232 1912 placide.

147 1912 192 1932 011
214 1911 293 1953 Syn
295 1923 314 1943 o
330 1912 458 1944 Ast-ens
443 1912 530 1944 ius:
552 1897 667 1944 Tvrio.
760 1940 780 1955 ο

146 1955 190 1975 ⁵¹³
212 1965 290 1986 eum
307 1954 492 1987 Heinsius:
514 1955 593 1986 iam.

145 1997 190 2017 17
213 2008 234 2030 ει
248 1998 374 2030 Aldine
391 1998 515 2030 edition
532 1998 633 2031 1534.-
658 1998 794 2031 mnitced
810 1999 844 2030 in
862 1999 959 2032 MSS.

105 2047 179 2082 444
