1399 2271
669 79 860 140 V1.RG1L

179 168 318 214 accipit
337 171 380 202 et
397 165 506 202 molli
529 167 730 202 subnectit
750 165 916 202 circulus
936 179 1039 202 auro.

177 233 217 264 te
236 239 392 276 quoque
412 229 688 275 magnanimae
709 227 907 273 viderunt,
930 228 1090 274 Ismare,
1110 233 1264 277 genteS,

177 288 335 325 volnera
354 288 535 338 derigere
556 293 598 325 et
617 289 786 325 calamos
804 302 955 326 armare
975 302 1140 335 veneno,
1280 294 1352 326 140

178 351 360 387 Maeonia
379 362 570 399 generose
590 349 719 395 domo,
741 350 808 386 ubi
827 352 989 399 pinguia
1009 350 1115 387 culta

176 417 443 462 exercentque
462 414 533 448 viri
556 412 816 461 Pactolusque
836 415 981 462 inrigat
999 425 1103 449 auro.

179 474 302 511 adfuit
321 479 363 511 et
383 473 630 519 Mnestheus,
650 487 767 523 quem
789 474 890 523 pulsi
909 477 1074 523 pristina
1092 474 1214 511 Turni

174 549 319 586 aggere
339 549 538 572 murorum
559 535 767 572 sublimem
788 535 910 584 gloria
929 536 1047 581 tollit,

174 604 216 636 et
235 598 384 647 Capys:
413 597 505 633 hinc
524 610 671 634 nomen
691 598 912 646 Campanae
932 597 1089 634 ducitur
1108 599 1205 635 urbi.
1279 603 1348 635 145

228 660 291 696 Illi
309 662 415 696 inter
432 672 518 696 sese
538 659 626 696 duri
646 662 861 695 certamina
879 659 974 696 belli

174 721 446 759 contulerant:
476 720 608 757 media
629 721 784 757 Aeneas
804 720 906 757 freta
925 725 1043 758 nocte
1063 722 1230 767 secabat.

174 796 342 834 namque
362 788 408 819 ut
426 783 475 819 ab
496 782 680 818 Euandro
700 784 834 818 castris
855 785 1053 832 ingressus
1068 783 1244 820 Etruscis

174 859 307 895 regem
322 845 406 881 adit
422 849 464 881 et
478 847 562 893 regi
578 849 771 880 memorat
786 857 1010 894 nomenque
1025 858 1243 895 genusque,

173 907 317 958 quidve
337 911 449 956 petat
467 906 611 955 quidve
631 908 714 955 ipse
734 905 848 952 ferat,
870 907 1092 943 Mezentius
1112 920 1219 943 arma
1277 913 1348 945 150

172 982 272 1020 quae
289 969 362 1006 sibi
382 968 580 1013 conciliet,
599 967 851 1017 violentaque
870 973 1031 1017 pectora
1048 969 1170 1005 Turni

173 1031 328 1076 edocet,
347 1030 530 1066 humanis
549 1041 649 1078 quae
669 1031 720 1065 sit
739 1028 880 1065 fiducia
899 1030 1015 1066 rebus

172 1093 360 1130 admonet
372 1094 645 1140 immiscetque
658 1103 795 1140 preces
811 1104 818 1127 :
838 1090 943 1127 haud
957 1091 1001 1128 fit
1012 1104 1131 1137 mora,
1145 1092 1324 1130 Tarchon

172 1158 301 1204 iungit
320 1166 414 1203 opes
434 1152 652 1202 foedusque
672 1152 788 1196 ferit3
817 1157 902 1189 tum
923 1152 1045 1189 libera
1065 1152 1135 1190 fati

172 1218 334 1254 classem
355 1214 586 1251 conscendit
605 1216 716 1251 iussis
735 1226 834 1263 gens
855 1213 979 1263 Lydia
998 1214 1144 1260 divum,
1276 1221 1345 1254 155

171 1285 337 1316 externo
356 1279 561 1313 commissa
580 1275 682 1311 duci.
739 1275 891 1311 Aeneia
910 1278 1052 1324 puppis

172 1344 294 1389 prima
312 1343 440 1383 tenet,
460 1343 583 1373 rostro
605 1336 793 1385 Phrygios
813 1337 1020 1373 subiuncta
1038 1336 1196 1382 leones;

171 1404 351 1437 imminet
371 1400 441 1436 Ida
459 1412 589 1448 super,
608 1397 782 1447 profugis
802 1401 1021 1447 gratissima
1040 1398 1211 1435 Teucris.

170 1464 233 1500 hic
252 1475 418 1511 magnus
439 1461 554 1497 sedet
574 1461 731 1496 Aeneas
750 1473 962 1509 secumque
983 1460 1135 1497 volutat

169 1529 335 1561 eventus
355 1523 449 1559 belli
471 1525 606 1567 varios,
628 1521 834 1570 Pallasque
854 1524 1011 1558 sinistro
1272 1522 1344 1561 160

167 1586 315 1622 adfixus
334 1584 448 1620 lateri
464 1586 539 1619 iam
559 1585 714 1632 quaerit
732 1582 872 1628 sidera,
890 1595 1035 1631 opacae

167 1650 293 1684 noctis
312 1649 400 1691 iter,
420 1648 497 1681 iam
518 1657 617 1694 quae
638 1657 773 1693 passus
791 1649 975 1693 terraque
995 1647 1182 1694 marique.

221 1707 386 1744 Pandite
399 1719 504 1742 nunc
518 1706 727 1750 Helicona,
740 1705 853 1751 deae,
866 1710 1082 1755 cantusque
1095 1710 1264 1750 movete,

336 1784 379 1803 ¹³⁸
401 1783 607 1815 subnectens
622 1783 744 1815 M²PR.
816 1823 825 1827 θ
859 1782 903 1802 ¹⁵⁴
926 1782 1009 1814 fatis
1024 1783 1168 1815 Servius.

338 1828 379 1846 ¹³3
402 1830 538 1858 monete
554 1826 632 1867 P71.

203 1937 215 1956 ¹
237 1937 279 1976 cf.
299 1935 383 1967 Aen.
405 1943 484 1965 vm.
504 1935 575 1965 503.
622 1933 710 1965 Now
728 1934 804 1965 that
821 1933 904 1974 they
922 1933 1009 1964 have
1024 1943 1044 1964 a
1060 1932 1192 1974 foreign
1209 1933 1335 1972 leader,

161 1980 233 2011 fate
249 1978 321 2010 will
336 1981 398 2010 not.
414 1988 539 2019 oppose
558 1977 662 2009 them.

167 2028 237 2061 180
