1399 2271
662 46 852 83 VIRGIL

167 132 301 169 debita
321 146 552 183 casurasque
572 136 738 170 inimicis
757 134 913 182 ignibus
932 147 1052 179 arces,
1265 137 1339 173 375

168 207 245 229 non
267 194 390 230 ullum
409 195 597 231 auxilium
616 197 781 240 miseris,
801 208 880 231 non
900 208 1006 231 arma
1026 197 1157 245 rogavi

168 259 259 292 artis
279 259 440 305 opisque
460 262 564 302 tuae,
586 270 659 293 nec
679 262 732 302 te,
754 259 950 293 carissime
970 260 1154 303 coniunx,

167 320 408 354 incassumve
428 323 516 354 tuos
537 319 640 354 volui
661 330 846 355 exercere
865 318 1031 364 labores,

167 382 341 428 quamvis
361 384 404 416 et
426 380 565 415 Priami
586 380 775 416 deberem
795 379 962 428 plurima
980 383 1095 426 natis,

168 447 209 478 et
229 441 370 477 durum
391 442 553 478 Aeneae
574 442 764 478 flevissem
787 454 904 490 saepe
924 441 1108 478 laborem.
1268 447 1342 480 380

167 516 271 539 nunc
294 503 393 539 Iovis
412 505 585 552 imperiis
609 503 843 539 Rutulorum
863 505 1042 539 constitit
1061 506 1159 540 oris:

168 577 260 613 ergo
273 564 411 600 eadem
425 564 589 613 supplex
603 567 717 601 venio
731 569 773 601 et
784 569 964 601 sanctum
979 564 1075 600 mihi
1090 578 1239 602 numen

166 639 271 661 arma
290 639 396 675 rogo,
418 629 599 674 genetrix
621 631 724 662 nato.
782 631 822 662 te
844 626 920 661 filia
937 626 1071 671 Nerei,

167 693 206 723 te
228 690 358 736 potuit
376 687 544 723 lacrimis
563 687 750 724 Tithonia
770 688 929 724 flectere
950 690 1130 740 coniunx.

166 752 307 797 aspice,
328 751 394 798 qui
415 754 557 785 coeant
576 749 723 798 populi,
743 762 843 798 quae
864 752 1019 785 moenia
1038 750 1177 786 clausis
1269 754 1342 788 385

166 810 311 847 ferrum
327 816 470 847 acuant
486 814 607 859 portis
621 814 660 846 in
673 824 737 847 me
751 811 1026 860 excidiumque
1040 811 1254 848 meorum.”

221 873 387 909 Dixerat
406 878 447 909 et
467 875 590 909 niveis
611 873 702 908 hinc
722 878 841 922 atque
863 873 955 909 hinc
975 873 1065 909 diva
1084 873 1240 910 lacertis

166 940 421 971 cunctantem
441 934 623 983 amplexu
643 933 751 970 molli
772 933 890 970 fovet.
948 934 1015 970 ille
1035 939 1202 983 repente

165 999 318 1044 accepit
338 996 491 1032 solitam
512 995 719 1041 flammam,
739 1001 935 1044 notusque
955 995 1148 1032 medullas

166 1060 326 1094 intravit
345 1057 448 1093 calor
468 1062 510 1093 et
529 1057 724 1094 labefacta
744 1070 814 1106 per
834 1070 918 1093 ossa
937 1060 1120 1102 cucurrit,
1268 1061 1342 1099 390

165 1131 244 1154 non
262 1131 372 1154 secus
393 1123 512 1166 atque
532 1117 637 1162 olim,
658 1120 807 1154 tonitru
829 1131 918 1154 cum
937 1123 1053 1167 rupta
1073 1131 1232 1155 corusco

165 1183 282 1228 ignea
302 1182 396 1215 rima
416 1182 562 1215 micans
583 1183 776 1228 percurrit
796 1180 945 1217 lumine
965 1180 1128 1217 nimbos.

165 1244 288 1277 sensit
307 1240 410 1276 laeta
431 1241 529 1276 dolis
551 1246 591 1276 et
612 1240 759 1277 formae
779 1244 934 1277 conscia
953 1244 1134 1278 coniunx.

165 1308 249 1338 tum
271 1308 383 1351 pater
402 1307 564 1338 aeterno
585 1302 689 1338 fatur
708 1302 916 1339 devinctus
937 1316 1068 1340 amore
1084 1316 1092 1340 :

166 1364 296 1413 “quid
317 1376 450 1400 causas
471 1366 572 1412 petis
593 1377 640 1400 ex
661 1364 768 1400 alto?
799 1364 940 1400 fiducia
960 1367 1079 1401 cessit
1267 1369 1341 1408 395

164 1435 241 1472 quo
261 1423 345 1468 tibi,
367 1424 467 1469 diva,
488 1427 595 1461 mei?
626 1425 760 1462 similis
782 1428 811 1461 si
834 1439 924 1462 cura
944 1425 1095 1471 fuisset,

164 1491 248 1522 tum
269 1498 424 1535 quoque
445 1486 502 1522 fas
522 1487 633 1522 nobis
653 1487 824 1523 Teucros
844 1500 994 1524 armare
1014 1487 1176 1533 fuisset;

164 1561 237 1584 nec
257 1552 369 1596 patei·
389 1550 639 1597 omnipotens
661 1548 815 1584 Troiam
835 1561 909 1585 nec
930 1548 1011 1585 fata
1031 1551 1219 1587 vetabant

163 1614 266 1645 stare
280 1609 497 1658 decemque
510 1609 604 1646 alios
622 1610 816 1646 Priamum
829 1623 1033 1659 superesse
1046 1624 1117 1660 per
1128 1625 1260 1649 annos.

164 1676 205 1707 et
225 1684 341 1715 nunc,
359 1674 389 1707 si
410 1671 556 1708 bellare
572 1685 682 1720 paras
699 1677 817 1721 atque
834 1671 932 1709 haec
947 1673 1020 1709 tibi
1035 1686 1147 1710 mens
1163 1679 1236 1720 est,
1265 1678 1339 1711 400

164 1732 354 1781 quidquid
375 1735 415 1768 in
435 1738 519 1768 arte
539 1746 627 1769 mea
647 1745 804 1782 possum
825 1736 1057 1782 promittere
1077 1747 1206 1781 curae,

332 1810 376 1828 ³⁷⁸
402 1810 470 1849 -ve]
487 1820 565 1851 -que
581 1811 627 1842 M.

333 1853 378 1871 ²³³²
401 1863 523 1884 nomen
539 1866 561 1892 ·γ
572 1864 583 1884 .·
606 1864 731 1885 numen
749 1855 784 1893 (u
801 1854 931 1886 written
946 1854 982 1885 in
997 1857 1135 1894 rasura)
1151 1856 1190 1888 P.

332 1895 377 1914 ³⁹⁰
400 1895 566 1926 calefacta
586 1898 620 1927 R.
798 1897 843 1917 ³⁹¹
866 1898 948 1937 non]
964 1898 1050 1930 haut
1064 1899 1112 1931 M.

332 1937 378 1958 ⁸⁹⁴
401 1937 558 1970 devictus
574 1938 665 1980 P²⁴r¹.
