1399 2271
611 69 802 108 VIRGIL

124 156 282 202 Iasides,
304 158 380 193 acri
401 155 598 206 quondam
619 158 680 193 cui
699 161 837 206 captus
857 169 989 194 amore

122 213 204 259 ipse
226 223 313 246 suas
332 213 437 255 artis,
459 223 527 246 sua
546 223 722 256 munera,
742 210 869 247 laetus
891 210 1034 260 Apollo

121 266 324 313 augurium
347 263 616 313 citharamque
635 263 756 300 dabat
775 263 992 313 celerisque
1012 266 1186 313 sagittas.

124 317 189 354 ille
209 322 254 354 ut
274 317 444 366 depositi
463 317 660 366 proferret
681 317 760 353 fata
780 321 967 366 parentis,
1223 322 1296 361 395

123 373 220 407 scire
240 376 460 420 potestates
480 370 689 407 herbarum
710 383 902 421 usumque
922 371 1110 408 medendi

122 424 261 461 maluit
281 429 323 461 et
342 429 470 461 mutas
488 427 638 473 agitare
659 424 847 474 inglorius
866 427 970 461 artis.

122 479 251 514 stabat
265 478 405 514 acerba
420 477 605 524 fremens,
620 479 826 527 ingentem
842 480 956 515 nixus
972 481 1011 514 in
1028 477 1193 524 hastam,

125 532 292 577 Aeneas,
312 544 456 581 magno
475 534 661 568 iuvenum
683 537 724 569 et
742 534 955 568 maerentis
978 531 1052 568 Iuli

105 583 324 630 concursu,
344 585 512 622 lacrimis
531 585 751 622 immobilis.
808 584 875 622 ille
895 590 1044 622 retorto
1223 589 1299 622 400

126 639 337 675 Paeonium
357 642 397 674 in
418 652 566 675 morem
587 641 717 676 Senior
736 641 957 675 succinctus
977 641 1123 675 amictu

124 692 247 729 multa
262 705 379 728 manu
395 692 548 728 medica
565 692 792 741 Phoebique
808 692 1037 741 potentibus
1053 692 1186 729 herbis

123 748 360 795 nequiquam
381 746 568 794 trepidat,
586 748 825 795 nequiquam
844 745 992 795 spicula
1011 744 1150 782 dextra

124 799 309 836 sollicitat
328 804 567 849 prensatque
588 802 717 836 tenaci
740 799 887 848 forcipe
908 798 1066 835 ferrum.

124 852 231 889 nulla
252 855 353 889 viam
376 852 546 889 Fortuna
566 855 682 902 regit,
702 852 799 888 nihil
820 857 956 889 auctor
978 852 1120 902 Apollo
1224 857 1298 890 405

124 906 320 952 subvenit,
337 911 378 943 et
392 919 529 943 saevus
545 909 690 955 campis
709 908 834 955 magis
853 919 897 942 ac
917 909 1041 955 magis
1062 906 1197 942 horror

124 960 335 996 crebrescit
349 962 586 1009 propiusque
602 959 747 996 malum
765 965 836 996 est.
876 962 951 995 iam
969 959 1131 1008 pulvere
1147 959 1298 996 caelum

124 1019 225 1050 stare
246 1013 396 1058 vident,
416 1014 588 1050 subeunt
608 1015 762 1063 equites
782 1018 824 1050 et
844 1013 992 1062 spicula
1012 1015 1148 1050 castris

124 1067 247 1103 densa
262 1067 410 1103 cadunt
424 1067 574 1103 mediis.
624 1069 655 1103 it
670 1068 793 1103 tristis
808 1066 857 1103 ad
873 1066 1035 1103 aethera
1051 1067 1195 1103 clamor

125 1120 342 1157 bellantum
361 1123 546 1157 iuvenum
563 1124 604 1156 et
618 1119 716 1156 duro
731 1120 803 1156 sub
820 1119 949 1157 Marte
966 1120 1190 1157 cadentum.
1225 1124 1301 1156 410

181 1174 258 1209 Hic
280 1174 425 1218 Venus,
445 1174 609 1222 indigno
629 1175 711 1210 nati
732 1186 917 1210 concussa
937 1173 1086 1219 dolore,

125 1227 368 1263 dictamnum
389 1230 571 1276 genetrix
594 1227 758 1263 Cretaea
778 1230 901 1276 carpit
921 1228 969 1263 ab
991 1227 1074 1274 Ida,

126 1282 337 1330 puberibus
357 1280 509 1317 caulem
530 1281 631 1317 foliis
653 1285 694 1317 et
714 1280 806 1317 flore
827 1285 1050 1317 comantem

126 1347 345 1383 purpureo3
374 1347 453 1370 non
474 1334 539 1370 illa
559 1334 651 1371 feris
671 1337 874 1383 incognita
894 1337 1019 1384 capris

126 1390 315 1437 gramina,
333 1400 422 1424 cum
442 1393 556 1437 tergo
575 1387 752 1424 volucres
773 1388 935 1424 haesere
954 1390 1133 1437 sagittae.
1227 1391 1302 1426 415

127 1441 198 1477 hoc
220 1441 365 1486 Venus,
385 1442 548 1477 obscuro
569 1441 707 1477 faciem
729 1441 969 1477 circumdata
989 1443 1135 1487 nimbo,

126 1494 283 1540 detulit,
304 1494 378 1531 hoc
398 1494 526 1531 fusum
547 1494 664 1531 labris
683 1495 986 1544 splendentibus
1006 1508 1162 1532 amnem

127 1548 262 1594 inficit,
282 1547 435 1585 occulte
455 1548 668 1593 medicans,
689 1551 917 1598 spargitque
937 1548 1100 1585 salubris

169 1634 213 1653 ²³⁹⁴
236 1634 343 1666 dabat
359 1635 425 1673 PR,
450 1636 565 1666 “vera
581 1634 684 1666 lectio
695 1635 712 1649 ⁷²
730 1634 892 1674 (Servius)
905 1645 915 1666 .·
938 1634 1037 1665 dedit
1053 1635 1113 1666 M:
1134 1633 1214 1665 dedi
1231 1635 1277 1675 γι.

169 1677 212 1696 397
236 1677 364 1708 multas
381 1678 464 1709 P¹c¹.
670 1677 715 1697 ²³9⁸
738 1677 825 1708 fixus
843 1677 904 1708 M1.

170 1720 213 1739 ⁴⁰⁰
236 1724 374 1760 reporto
393 1722 428 1752 R.
669 1720 712 1740 ‘⁰¹
736 1720 943 1752 Paeonidum
964 1720 1026 1752 M:
1050 1720 1220 1752 Paeonum
1239 1721 1278 1752 P.

171 1763 213 1781 ⁴⁰⁴
236 1767 370 1803 pressat
387 1765 424 1794 R.
670 1763 714 1782 ⁴⁰⁸
737 1764 954 1805 subeuntque
972 1765 1008 1794 Ie.

170 1806 212 1825 ⁴¹⁷
236 1806 466 1846 pendentibus
484 1807 533 1838 R:
555 1806 800 1847 plendentibus
818 1807 853 1838 P.

169 1893 178 1912 ¹
203 1893 256 1925 i.e.
285 1893 404 1924 unlike
428 1894 536 1925 music
560 1894 627 1925 and
659 1894 843 1936 prophecy,
877 1893 1027 1925 wherein
1059 1894 1118 1925 the
1149 1894 1243 1926 voice
1271 1895 1299 1926 is

127 1936 220 1968 used.
270 1936 339 1968 But
366 1936 424 1967 the
451 1937 527 1968 idea
552 1937 587 1968 of
611 1936 787 1978 obscurity
813 1938 841 1968 is
867 1937 939 1974 also
964 1936 1135 1975 included,
1164 1937 1216 1968 for
1240 1938 1299 1969 the

126 1979 314 2030 profession
332 1979 367 2010 of
383 1979 550 2011 medicine
566 1980 647 2011 does
663 1983 726 2011 not
741 1979 818 2011 lead
836 1983 872 2011 to
888 1983 986 2021 great
1002 1980 1100 2011 fame.

130 2027 204 2059 3⁶20
