<?xml version="1.0" encoding="UTF-8"?>
<!DOCTYPE html PUBLIC "-//W3C//DTD XHTML 1.0 Transitional//EN"
    "http://www.w3.org/TR/xhtml1/DTD/xhtml1-transitional.dtd">
<html xmlns="http://www.w3.org/1999/xhtml" xml:lang="en" lang="en">
 <head>
  <title>
</title>
<meta http-equiv="Content-Type" content="text/html;charset=utf-8" />
  <meta name='ocr-system' content='tesseract 3.04.00' />
  <meta name='ocr-capabilities' content='ocr_page ocr_carea ocr_par ocr_line ocrx_word'/>
</head>
<body>
  <div class='ocr_page' id='page_1' title='image "./virgilwithenglis02virg_0202.png"; bbox 0 0 1399 2271; ppageno 0'>
   <div class='ocr_carea' id='block_1_1' title="bbox 667 84 857 121">
    <p class='ocr_par' dir='ltr' id='par_1_1' title="bbox 667 84 857 121">
     <span class='ocr_line' id='line_1_1' title="bbox 667 84 857 121; baseline 0.005 -2"><span class='ocrx_word' id='word_1_1' title='bbox 667 84 857 121; x_wconf 87' lang='lat' dir='ltr'>VIRGIL</span> 
     </span>
    </p>
   </div>
   <div class='ocr_carea' id='block_1_2' title="bbox 176 168 1208 326">
    <p class='ocr_par' dir='ltr' id='par_1_2' title="bbox 176 168 1208 326">
     <span class='ocr_line' id='line_1_2' title="bbox 230 168 1109 207; baseline 0.003 -3"><span class='ocrx_word' id='word_1_2' title='bbox 230 168 348 205; x_wconf 86' lang='lat' dir='ltr'>Haud</span> <span class='ocrx_word' id='word_1_3' title='bbox 369 174 504 205; x_wconf 83' lang='lat' dir='ltr'><strong>tamen</strong></span> <span class='ocrx_word' id='word_1_4' title='bbox 522 168 660 205; x_wconf 85' lang='lat' dir='ltr'><strong>audaci</strong></span> <span class='ocrx_word' id='word_1_5' title='bbox 679 168 812 205; x_wconf 87' lang='lat' dir='ltr'><strong>Turno</strong></span> <span class='ocrx_word' id='word_1_6' title='bbox 831 169 971 205; x_wconf 87' lang='lat' dir='ltr'><strong>fiducia</strong></span> <span class='ocrx_word' id='word_1_7' title='bbox 991 175 1109 207; x_wconf 70' lang='lat' dir='ltr'><strong>cessrt</strong></span> 
     </span>
     <span class='ocr_line' id='line_1_3' title="bbox 178 223 1114 272; baseline 0.002 -14"><span class='ocrx_word' id='word_1_8' title='bbox 178 224 288 259; x_wconf 87' lang='lat' dir='ltr'><strong>litora</strong></span> <span class='ocrx_word' id='word_1_9' title='bbox 308 225 534 271; x_wconf 82' lang='lat' dir='ltr'><strong>praecipere</strong></span> <span class='ocrx_word' id='word_1_10' title='bbox 555 227 596 259; x_wconf 88' lang='lat' dir='ltr'><strong>et</strong></span> <span class='ocrx_word' id='word_1_11' title='bbox 615 225 811 259; x_wconf 89' lang='lat' dir='ltr'><strong>venientis</strong></span> <span class='ocrx_word' id='word_1_12' title='bbox 830 223 978 272; x_wconf 90' lang='lat' dir='ltr'><strong>pellere</strong></span> <span class='ocrx_word' id='word_1_13' title='bbox 997 229 1114 261; x_wconf 87' lang='lat' dir='ltr'><strong>terra.</strong></span> 
     </span>
     <span class='ocr_line' id='line_1_4' title="bbox 176 276 1208 326; baseline 0.003 -15"><span class='ocrx_word' id='word_1_14' title='bbox 176 281 199 297; x_wconf 82' lang='lat'><strong>“</strong></span> <span class='ocrx_word' id='word_1_15' title='bbox 211 276 315 326; x_wconf 92' lang='lat' dir='ltr'><strong>quod</strong></span> <span class='ocrx_word' id='word_1_16' title='bbox 337 278 436 312; x_wconf 86' lang='lat' dir='ltr'><strong>votis</strong></span> <span class='ocrx_word' id='word_1_17' title='bbox 456 278 634 324; x_wconf 87' lang='lat' dir='ltr'><strong>optastis,</strong></span> <span class='ocrx_word' id='word_1_18' title='bbox 653 276 779 322; x_wconf 86' lang='lat' dir='ltr'><strong>adest,</strong></span> <span class='ocrx_word' id='word_1_19' title='bbox 797 277 1043 326; x_wconf 83' lang='lat' dir='ltr'><strong>perfringere</strong></span> <span class='ocrx_word' id='word_1_20' title='bbox 1059 278 1208 315; x_wconf 80' lang='lat' dir='ltr'><strong>dextra.</strong></span> 
     </span>
    </p>
   </div>
   <div class='ocr_carea' id='block_1_3' title="bbox 1273 227 1346 264">
    <p class='ocr_par' dir='ltr' id='par_1_3' title="bbox 1273 227 1346 264">
     <span class='ocr_line' id='line_1_5' title="bbox 1273 227 1346 264; baseline 0.027 -2"><span class='ocrx_word' id='word_1_21' title='bbox 1273 227 1346 264; x_wconf 75' lang='lat'><strong>277</strong></span> 
     </span>
    </p>
   </div>
   <div class='ocr_carea' id='block_1_4' title="bbox 1274 278 1348 320">
    <p class='ocr_par' dir='ltr' id='par_1_4' title="bbox 1274 278 1348 320">
     <span class='ocr_line' id='line_1_6' title="bbox 1274 278 1348 320; baseline 0.081 -6"><span class='ocrx_word' id='word_1_22' title='bbox 1274 278 1348 320; x_wconf 71' lang='lat'><strong>279</strong></span> 
     </span>
    </p>
   </div>
   <div class='ocr_carea' id='block_1_5' title="bbox 177 329 1346 380">
    <p class='ocr_par' dir='ltr' id='par_1_5' title="bbox 177 329 1346 380">
     <span class='ocr_line' id='line_1_7' title="bbox 177 329 1346 380; baseline 0.002 -14"><span class='ocrx_word' id='word_1_23' title='bbox 177 333 215 366; x_wconf 91' lang='lat' dir='ltr'><strong>in</strong></span> <span class='ocrx_word' id='word_1_24' title='bbox 234 330 414 366; x_wconf 89' lang='lat' dir='ltr'><strong>manibus</strong></span> <span class='ocrx_word' id='word_1_25' title='bbox 435 329 540 366; x_wconf 87' lang='lat' dir='ltr'><strong>Mars</strong></span> <span class='ocrx_word' id='word_1_26' title='bbox 560 332 643 378; x_wconf 88' lang='lat' dir='ltr'><strong>ipse</strong></span> <span class='ocrx_word' id='word_1_27' title='bbox 662 332 764 366; x_wconf 88' lang='lat' dir='ltr'><strong>viris.</strong></span> <span class='ocrx_word' id='word_1_28' title='bbox 820 343 926 366; x_wconf 92' lang='lat' dir='ltr'><strong>nunc</strong></span> <span class='ocrx_word' id='word_1_29' title='bbox 946 333 1122 380; x_wconf 85' lang='lat' dir='ltr'><strong>coniugis</strong></span> <span class='ocrx_word' id='word_1_30' title='bbox 1142 336 1227 367; x_wconf 89' lang='lat' dir='ltr'><strong>esto</strong></span> <span class='ocrx_word' id='word_1_31' title='bbox 1271 336 1346 369; x_wconf 73' lang='lat'><strong>280</strong></span> 
     </span>
    </p>
   </div>
   <div class='ocr_carea' id='block_1_6' title="bbox 175 384 1243 433">
    <p class='ocr_par' dir='ltr' id='par_1_6' title="bbox 175 384 1243 433">
     <span class='ocr_line' id='line_1_8' title="bbox 175 384 1243 433; baseline 0.002 -14"><span class='ocrx_word' id='word_1_32' title='bbox 175 386 339 433; x_wconf 88' lang='lat' dir='ltr'><strong>quisque</strong></span> <span class='ocrx_word' id='word_1_33' title='bbox 353 395 445 419; x_wconf 88' lang='lat' dir='ltr'><strong>suae</strong></span> <span class='ocrx_word' id='word_1_34' title='bbox 459 385 636 432; x_wconf 86' lang='lat' dir='ltr'><strong>tectique</strong></span> <span class='ocrx_word' id='word_1_35' title='bbox 651 395 813 429; x_wconf 89' lang='lat' dir='ltr'><strong>memor,</strong></span> <span class='ocrx_word' id='word_1_36' title='bbox 825 396 931 420; x_wconf 91' lang='lat' dir='ltr'><strong>nunc</strong></span> <span class='ocrx_word' id='word_1_37' title='bbox 942 397 1085 433; x_wconf 85' lang='lat' dir='ltr'><strong>magna</strong></span> <span class='ocrx_word' id='word_1_38' title='bbox 1096 384 1243 421; x_wconf 84' lang='lat' dir='ltr'><strong>referto</strong></span> 
     </span>
    </p>
   </div>
   <div class='ocr_carea' id='block_1_7' title="bbox 176 436 1259 486">
    <p class='ocr_par' dir='ltr' id='par_1_7' title="bbox 176 436 1259 486">
     <span class='ocr_line' id='line_1_9' title="bbox 176 436 1259 486; baseline 0.002 -14"><span class='ocrx_word' id='word_1_39' title='bbox 176 437 290 482; x_wconf 77' lang='lat' dir='ltr'><strong>facta,</strong></span> <span class='ocrx_word' id='word_1_40' title='bbox 307 442 462 486; x_wconf 83' lang='lat' dir='ltr'><strong>patrum</strong></span> <span class='ocrx_word' id='word_1_41' title='bbox 478 436 623 473; x_wconf 88' lang='lat' dir='ltr'><strong>laudes.</strong></span> <span class='ocrx_word' id='word_1_42' title='bbox 664 437 767 473; x_wconf 90' lang='lat' dir='ltr'><strong>ultro</strong></span> <span class='ocrx_word' id='word_1_43' title='bbox 780 450 1026 474; x_wconf 86' lang='lat' dir='ltr'><strong>occurramus</strong></span> <span class='ocrx_word' id='word_1_44' title='bbox 1038 438 1087 474; x_wconf 85' lang='lat' dir='ltr'><strong>ad</strong></span> <span class='ocrx_word' id='word_1_45' title='bbox 1101 438 1259 484; x_wconf 83' lang='lat' dir='ltr'><strong>undam,</strong></span> 
     </span>
    </p>
   </div>
   <div class='ocr_carea' id='block_1_8' title="bbox 164 490 1239 1770">
    <p class='ocr_par' dir='ltr' id='par_1_8' title="bbox 164 490 1239 1770">
     <span class='ocr_line' id='line_1_10' title="bbox 175 490 1190 541; baseline 0.001 -14"><span class='ocrx_word' id='word_1_46' title='bbox 175 491 268 527; x_wconf 81' lang='lat' dir='ltr'><strong>duni</strong></span> <span class='ocrx_word' id='word_1_47' title='bbox 287 490 433 539; x_wconf 82' lang='lat' dir='ltr'><strong>trepidi</strong></span> <span class='ocrx_word' id='word_1_48' title='bbox 452 493 698 539; x_wconf 84' lang='lat' dir='ltr'><strong>egressisque</strong></span> <span class='ocrx_word' id='word_1_49' title='bbox 717 490 853 528; x_wconf 85' lang='lat' dir='ltr'><strong>labant</strong></span> <span class='ocrx_word' id='word_1_50' title='bbox 871 493 1037 540; x_wconf 88' lang='lat' dir='ltr'><strong>vestigia</strong></span> <span class='ocrx_word' id='word_1_51' title='bbox 1055 494 1190 541; x_wconf 88' lang='lat' dir='ltr'><strong>prima.</strong></span> 
     </span>
     <span class='ocr_line' id='line_1_11' title="bbox 174 543 714 581; baseline -0.004 0"><span class='ocrx_word' id='word_1_52' title='bbox 174 544 357 581; x_wconf 88' lang='lat' dir='ltr'><strong>audentis</strong></span> <span class='ocrx_word' id='word_1_53' title='bbox 378 544 550 580; x_wconf 82' lang='lat' dir='ltr'><strong>Fortuna</strong></span> <span class='ocrx_word' id='word_1_54' title='bbox 568 543 714 580; x_wconf 87' lang='lat' dir='ltr'><strong>iuvat.&#39;&#39;</strong></span> 
     </span>
     <span class='ocr_line' id='line_1_12' title="bbox 175 597 1155 647; baseline 0.001 -13"><span class='ocrx_word' id='word_1_55' title='bbox 175 597 271 635; x_wconf 88' lang='lat' dir='ltr'><strong>haec</strong></span> <span class='ocrx_word' id='word_1_56' title='bbox 289 600 345 634; x_wconf 86' lang='lat' dir='ltr'><strong>ait</strong></span> <span class='ocrx_word' id='word_1_57' title='bbox 365 603 406 634; x_wconf 90' lang='lat' dir='ltr'><strong>et</strong></span> <span class='ocrx_word' id='word_1_58' title='bbox 425 610 557 633; x_wconf 89' lang='lat' dir='ltr'><strong>secum</strong></span> <span class='ocrx_word' id='word_1_59' title='bbox 577 602 718 642; x_wconf 81' lang='lat' dir='ltr'><strong>versat,</strong></span> <span class='ocrx_word' id='word_1_60' title='bbox 739 610 835 647; x_wconf 92' lang='lat' dir='ltr'><strong>quos</strong></span> <span class='ocrx_word' id='word_1_61' title='bbox 854 597 999 634; x_wconf 91' lang='lat' dir='ltr'><strong>ducere</strong></span> <span class='ocrx_word' id='word_1_62' title='bbox 1019 603 1155 635; x_wconf 87' lang='lat' dir='ltr'><strong>contra</strong></span> 
     </span>
     <span class='ocr_line' id='line_1_13' title="bbox 174 651 1150 701; baseline 0.002 -14"><span class='ocrx_word' id='word_1_63' title='bbox 174 651 236 689; x_wconf 88' lang='lat' dir='ltr'><strong>vel</strong></span> <span class='ocrx_word' id='word_1_64' title='bbox 256 652 397 701; x_wconf 90' lang='lat' dir='ltr'><strong>quibus</strong></span> <span class='ocrx_word' id='word_1_65' title='bbox 416 652 592 687; x_wconf 86' lang='lat' dir='ltr'><strong>obsessos</strong></span> <span class='ocrx_word' id='word_1_66' title='bbox 611 653 734 700; x_wconf 78' lang='lat' dir='ltr'><strong>possit</strong></span> <span class='ocrx_word' id='word_1_67' title='bbox 753 651 989 687; x_wconf 85' lang='lat' dir='ltr'><strong>concredere</strong></span> <span class='ocrx_word' id='word_1_68' title='bbox 1009 665 1150 689; x_wconf 89' lang='lat' dir='ltr'><strong>muros.</strong></span> 
     </span>
     <span class='ocr_line' id='line_1_14' title="bbox 226 704 1098 753; baseline 0 -12"><span class='ocrx_word' id='word_1_69' title='bbox 226 705 386 741; x_wconf 86' lang='lat' dir='ltr'><strong>Interea</strong></span> <span class='ocrx_word' id='word_1_70' title='bbox 405 705 561 741; x_wconf 85' lang='lat' dir='ltr'><strong>Aeneas</strong></span> <span class='ocrx_word' id='word_1_71' title='bbox 580 707 703 741; x_wconf 89' lang='lat' dir='ltr'><strong>socios</strong></span> <span class='ocrx_word' id='word_1_72' title='bbox 722 704 772 741; x_wconf 92' lang='lat' dir='ltr'><strong>de</strong></span> <span class='ocrx_word' id='word_1_73' title='bbox 792 705 989 753; x_wconf 87' lang='lat' dir='ltr'><strong>puppibus</strong></span> <span class='ocrx_word' id='word_1_74' title='bbox 1008 705 1098 742; x_wconf 85' lang='lat' dir='ltr'><strong>altis</strong></span> 
     </span>
     <span class='ocr_line' id='line_1_15' title="bbox 173 756 1098 807; baseline 0.001 -13"><span class='ocrx_word' id='word_1_75' title='bbox 173 759 358 807; x_wconf 87' lang='lat' dir='ltr'><strong>pontibus</strong></span> <span class='ocrx_word' id='word_1_76' title='bbox 377 761 550 807; x_wconf 79' lang='lat' dir='ltr'><strong>exponit.</strong></span> <span class='ocrx_word' id='word_1_77' title='bbox 607 757 723 794; x_wconf 90' lang='lat' dir='ltr'><strong>multi</strong></span> <span class='ocrx_word' id='word_1_78' title='bbox 741 770 895 795; x_wconf 86' lang='lat' dir='ltr'><strong>servare</strong></span> <span class='ocrx_word' id='word_1_79' title='bbox 914 756 1098 795; x_wconf 73' lang='lat' dir='ltr'><strong>recursusv</strong></span> 
     </span>
     <span class='ocr_line' id='line_1_16' title="bbox 172 811 1186 861; baseline 0.001 -13"><span class='ocrx_word' id='word_1_80' title='bbox 172 812 398 861; x_wconf 88' lang='lat' dir='ltr'><strong>languentis</strong></span> <span class='ocrx_word' id='word_1_81' title='bbox 416 812 547 861; x_wconf 77' lang='lat' dir='ltr'><strong>pelagi</strong></span> <span class='ocrx_word' id='word_1_82' title='bbox 567 816 609 847; x_wconf 90' lang='lat' dir='ltr'><strong>et</strong></span> <span class='ocrx_word' id='word_1_83' title='bbox 627 812 810 848; x_wconf 88' lang='lat' dir='ltr'><strong>brevibus</strong></span> <span class='ocrx_word' id='word_1_84' title='bbox 829 824 870 848; x_wconf 91' lang='lat' dir='ltr'><strong>se</strong></span> <span class='ocrx_word' id='word_1_85' title='bbox 889 811 1051 848; x_wconf 88' lang='lat' dir='ltr'><strong>credere</strong></span> <span class='ocrx_word' id='word_1_86' title='bbox 1070 812 1186 859; x_wconf 89' lang='lat' dir='ltr'><strong>saltu,</strong></span> 
     </span>
     <span class='ocr_line' id='line_1_17' title="bbox 172 865 1108 915; baseline -0.001 -13"><span class='ocrx_word' id='word_1_87' title='bbox 172 879 242 915; x_wconf 89' lang='lat' dir='ltr'><strong>per</strong></span> <span class='ocrx_word' id='word_1_88' title='bbox 260 878 388 902; x_wconf 88' lang='lat' dir='ltr'><strong>remos</strong></span> <span class='ocrx_word' id='word_1_89' title='bbox 406 865 482 901; x_wconf 86' lang='lat' dir='ltr'><strong>alii.</strong></span> <span class='ocrx_word' id='word_1_90' title='bbox 539 865 763 914; x_wconf 79' lang='lat' dir='ltr'><strong>speculatus</strong></span> <span class='ocrx_word' id='word_1_91' title='bbox 782 865 897 901; x_wconf 84' lang='lat' dir='ltr'><strong>litora</strong></span> <span class='ocrx_word' id='word_1_92' title='bbox 915 865 1108 911; x_wconf 84' lang='lat' dir='ltr'><strong>Tarchon,</strong></span> 
     </span>
     <span class='ocr_line' id='line_1_18' title="bbox 171 918 1239 969; baseline 0 -14"><span class='ocrx_word' id='word_1_93' title='bbox 171 933 247 969; x_wconf 90' lang='lat' dir='ltr'><strong>qua</strong></span> <span class='ocrx_word' id='word_1_94' title='bbox 261 919 359 955; x_wconf 83' lang='lat' dir='ltr'><strong>vada</strong></span> <span class='ocrx_word' id='word_1_95' title='bbox 373 931 452 955; x_wconf 89' lang='lat' dir='ltr'><strong>non</strong></span> <span class='ocrx_word' id='word_1_96' title='bbox 465 921 615 967; x_wconf 76' lang='lat' dir='ltr'><strong>spirant</strong></span> <span class='ocrx_word' id='word_1_97' title='bbox 627 931 701 955; x_wconf 88' lang='lat' dir='ltr'><strong>nec</strong></span> <span class='ocrx_word' id='word_1_98' title='bbox 713 918 836 955; x_wconf 77' lang='lat' dir='ltr'><strong>fracta</strong></span> <span class='ocrx_word' id='word_1_99' title='bbox 849 925 1110 955; x_wconf 78' lang='lat' dir='ltr'><strong>remurmurat</strong></span> <span class='ocrx_word' id='word_1_100' title='bbox 1122 919 1239 966; x_wconf 89' lang='lat' dir='ltr'><strong>unda,</strong></span> 
     </span>
     <span class='ocr_line' id='line_1_19' title="bbox 171 972 1191 1019; baseline 0 -10"><span class='ocrx_word' id='word_1_101' title='bbox 171 973 239 1009; x_wconf 92' lang='lat' dir='ltr'><strong>sed</strong></span> <span class='ocrx_word' id='word_1_102' title='bbox 260 986 366 1009; x_wconf 90' lang='lat' dir='ltr'><strong>mare</strong></span> <span class='ocrx_word' id='word_1_103' title='bbox 385 972 619 1008; x_wconf 81' lang='lat' dir='ltr'><strong>inoffensum</strong></span> <span class='ocrx_word' id='word_1_104' title='bbox 639 975 831 1009; x_wconf 81' lang='lat' dir='ltr'><strong>crescenti</strong></span> <span class='ocrx_word' id='word_1_105' title='bbox 851 972 1048 1008; x_wconf 76' lang='lat' dir='ltr'><strong>adlabitur</strong></span> <span class='ocrx_word' id='word_1_106' title='bbox 1065 978 1191 1019; x_wconf 88' lang='lat' dir='ltr'><strong>aestu,</strong></span> 
     </span>
     <span class='ocr_line' id='line_1_20' title="bbox 170 1026 1088 1075; baseline 0.001 -13"><span class='ocrx_word' id='word_1_107' title='bbox 170 1027 342 1063; x_wconf 89' lang='lat' dir='ltr'><strong>advertit</strong></span> <span class='ocrx_word' id='word_1_108' title='bbox 361 1026 491 1062; x_wconf 85' lang='lat' dir='ltr'><strong>subito</strong></span> <span class='ocrx_word' id='word_1_109' title='bbox 510 1039 642 1075; x_wconf 83' lang='lat' dir='ltr'><strong>proras</strong></span> <span class='ocrx_word' id='word_1_110' title='bbox 661 1028 863 1075; x_wconf 89' lang='lat' dir='ltr'><strong>sociosque</strong></span> <span class='ocrx_word' id='word_1_111' title='bbox 883 1031 1088 1074; x_wconf 79' lang='lat' dir='ltr'><strong>precatur:</strong></span> 
     </span>
     <span class='ocr_line' id='line_1_21' title="bbox 170 1078 1211 1125; baseline 0.001 -10"><span class='ocrx_word' id='word_1_112' title='bbox 170 1084 195 1101; x_wconf 87' lang='lat'><em>“</em></span> <span class='ocrx_word' id='word_1_113' title='bbox 207 1093 325 1125; x_wconf 90' lang='lat' dir='ltr'><strong>nunc,</strong></span> <span class='ocrx_word' id='word_1_114' title='bbox 344 1093 366 1115; x_wconf 94' lang='lat' dir='ltr'><strong>o</strong></span> <span class='ocrx_word' id='word_1_115' title='bbox 384 1079 489 1116; x_wconf 86' lang='lat' dir='ltr'><strong>lecta</strong></span> <span class='ocrx_word' id='word_1_116' title='bbox 507 1092 659 1124; x_wconf 87' lang='lat' dir='ltr'><strong>manus,</strong></span> <span class='ocrx_word' id='word_1_117' title='bbox 677 1078 815 1115; x_wconf 88' lang='lat' dir='ltr'><strong>validis</strong></span> <span class='ocrx_word' id='word_1_118' title='bbox 834 1080 1052 1116; x_wconf 88' lang='lat' dir='ltr'><strong>incumbite</strong></span> <span class='ocrx_word' id='word_1_119' title='bbox 1071 1083 1211 1124; x_wconf 86' lang='lat' dir='ltr'><strong>remis;</strong></span> 
     </span>
     <span class='ocr_line' id='line_1_22' title="bbox 170 1132 1117 1179; baseline -0.001 -9"><span class='ocrx_word' id='word_1_120' title='bbox 170 1133 312 1179; x_wconf 86' lang='lat' dir='ltr'><strong>tollite,</strong></span> <span class='ocrx_word' id='word_1_121' title='bbox 331 1133 434 1169; x_wconf 84' lang='lat' dir='ltr'><strong>ferte</strong></span> <span class='ocrx_word' id='word_1_122' title='bbox 453 1137 581 1176; x_wconf 80' lang='lat' dir='ltr'><strong>rates3</strong></span> <span class='ocrx_word' id='word_1_123' title='bbox 610 1135 808 1168; x_wconf 84' lang='lat' dir='ltr'><strong>inimicam</strong></span> <span class='ocrx_word' id='word_1_124' title='bbox 827 1132 964 1169; x_wconf 88' lang='lat' dir='ltr'><strong>findite</strong></span> <span class='ocrx_word' id='word_1_125' title='bbox 984 1136 1117 1169; x_wconf 86' lang='lat' dir='ltr'><strong>rostris</strong></span> 
     </span>
     <span class='ocr_line' id='line_1_23' title="bbox 170 1186 1222 1235; baseline 0.002 -13"><span class='ocrx_word' id='word_1_126' title='bbox 170 1187 270 1223; x_wconf 91' lang='lat' dir='ltr'><strong>hanc</strong></span> <span class='ocrx_word' id='word_1_127' title='bbox 289 1192 448 1231; x_wconf 87' lang='lat' dir='ltr'><strong>terram,</strong></span> <span class='ocrx_word' id='word_1_128' title='bbox 464 1186 694 1235; x_wconf 89' lang='lat' dir='ltr'><strong>sulcumque</strong></span> <span class='ocrx_word' id='word_1_129' title='bbox 714 1187 786 1222; x_wconf 88' lang='lat' dir='ltr'><strong>sibi</strong></span> <span class='ocrx_word' id='word_1_130' title='bbox 806 1191 960 1234; x_wconf 85' lang='lat' dir='ltr'><strong>premat</strong></span> <span class='ocrx_word' id='word_1_131' title='bbox 979 1189 1062 1235; x_wconf 87' lang='lat' dir='ltr'><strong>ipsa</strong></span> <span class='ocrx_word' id='word_1_132' title='bbox 1082 1190 1222 1224; x_wconf 87' lang='lat' dir='ltr'><strong>carina.</strong></span> 
     </span>
     <span class='ocr_line' id='line_1_24' title="bbox 169 1239 1075 1290; baseline -0.001 -14"><span class='ocrx_word' id='word_1_133' title='bbox 169 1241 350 1290; x_wconf 85' lang='lat' dir='ltr'><strong>frangere</strong></span> <span class='ocrx_word' id='word_1_134' title='bbox 370 1253 444 1276; x_wconf 92' lang='lat' dir='ltr'><strong>nec</strong></span> <span class='ocrx_word' id='word_1_135' title='bbox 463 1239 533 1276; x_wconf 84' lang='lat' dir='ltr'><strong>tali</strong></span> <span class='ocrx_word' id='word_1_136' title='bbox 552 1242 716 1288; x_wconf 91' lang='lat' dir='ltr'><strong>puppim</strong></span> <span class='ocrx_word' id='word_1_137' title='bbox 736 1242 906 1276; x_wconf 89' lang='lat' dir='ltr'><strong>statione</strong></span> <span class='ocrx_word' id='word_1_138' title='bbox 926 1252 1075 1285; x_wconf 90' lang='lat' dir='ltr'><strong>recuso,</strong></span> 
     </span>
     <span class='ocr_line' id='line_1_25' title="bbox 167 1292 1164 1343; baseline 0 -13"><span class='ocrx_word' id='word_1_139' title='bbox 167 1299 323 1343; x_wconf 84' lang='lat' dir='ltr'><strong>arrepta</strong></span> <span class='ocrx_word' id='word_1_140' title='bbox 342 1293 485 1330; x_wconf 88' lang='lat' dir='ltr'><strong>tellure</strong></span> <span class='ocrx_word' id='word_1_141' title='bbox 506 1292 668 1329; x_wconf 84' lang='lat' dir='ltr'><strong>semel.’&#39;</strong></span> <span class='ocrx_word' id='word_1_142' title='bbox 724 1305 824 1342; x_wconf 91' lang='lat' dir='ltr'><strong>quae</strong></span> <span class='ocrx_word' id='word_1_143' title='bbox 844 1293 937 1329; x_wconf 88' lang='lat' dir='ltr'><strong>talia</strong></span> <span class='ocrx_word' id='word_1_144' title='bbox 957 1298 1164 1343; x_wconf 74' lang='lat' dir='ltr'><strong>postquam</strong></span> 
     </span>
     <span class='ocr_line' id='line_1_26' title="bbox 168 1346 1030 1395; baseline -0.001 -11"><span class='ocrx_word' id='word_1_145' title='bbox 168 1348 306 1384; x_wconf 85' lang='lat' dir='ltr'><strong>effatus</strong></span> <span class='ocrx_word' id='word_1_146' title='bbox 325 1346 517 1392; x_wconf 86' lang='lat' dir='ltr'><strong>Tarchon,</strong></span> <span class='ocrx_word' id='word_1_147' title='bbox 538 1349 631 1382; x_wconf 91' lang='lat' dir='ltr'><strong>socii</strong></span> <span class='ocrx_word' id='word_1_148' title='bbox 650 1358 887 1395; x_wconf 84' lang='lat' dir='ltr'><strong>consurgere</strong></span> <span class='ocrx_word' id='word_1_149' title='bbox 907 1349 1030 1383; x_wconf 87' lang='lat' dir='ltr'><strong>tonsis</strong></span> 
     </span>
     <span class='ocr_line' id='line_1_27' title="bbox 167 1399 1056 1450; baseline -0.001 -13"><span class='ocrx_word' id='word_1_150' title='bbox 167 1403 463 1450; x_wconf 85' lang='lat' dir='ltr'><strong>spumantisque</strong></span> <span class='ocrx_word' id='word_1_151' title='bbox 483 1405 587 1436; x_wconf 86' lang='lat' dir='ltr'><strong>rates</strong></span> <span class='ocrx_word' id='word_1_152' title='bbox 606 1402 706 1436; x_wconf 90' lang='lat' dir='ltr'><strong>arvis</strong></span> <span class='ocrx_word' id='word_1_153' title='bbox 725 1399 872 1436; x_wconf 90' lang='lat' dir='ltr'><strong>inferre</strong></span> <span class='ocrx_word' id='word_1_154' title='bbox 893 1399 1056 1444; x_wconf 82' lang='lat' dir='ltr'><strong>Latinis,</strong></span> 
     </span>
     <span class='ocr_line' id='line_1_28' title="bbox 166 1453 1155 1491; baseline -0.002 0"><span class='ocrx_word' id='word_1_155' title='bbox 166 1455 293 1491; x_wconf 89' lang='lat' dir='ltr'><strong>donec</strong></span> <span class='ocrx_word' id='word_1_156' title='bbox 312 1459 436 1490; x_wconf 87' lang='lat' dir='ltr'><strong>rostra</strong></span> <span class='ocrx_word' id='word_1_157' title='bbox 455 1458 598 1490; x_wconf 90' lang='lat' dir='ltr'><strong>tenent</strong></span> <span class='ocrx_word' id='word_1_158' title='bbox 617 1456 761 1489; x_wconf 91' lang='lat' dir='ltr'><strong>siccum</strong></span> <span class='ocrx_word' id='word_1_159' title='bbox 782 1458 824 1489; x_wconf 88' lang='lat' dir='ltr'><strong>et</strong></span> <span class='ocrx_word' id='word_1_160' title='bbox 842 1453 980 1490; x_wconf 90' lang='lat' dir='ltr'><strong>sedere</strong></span> <span class='ocrx_word' id='word_1_161' title='bbox 1001 1456 1155 1489; x_wconf 88' lang='lat' dir='ltr'><strong>carinae</strong></span> 
     </span>
     <span class='ocr_line' id='line_1_29' title="bbox 165 1506 1222 1556; baseline -0.002 -12"><span class='ocrx_word' id='word_1_162' title='bbox 165 1521 301 1544; x_wconf 87' lang='lat' dir='ltr'><strong>omnes</strong></span> <span class='ocrx_word' id='word_1_163' title='bbox 320 1510 524 1544; x_wconf 84' lang='lat' dir='ltr'><strong>innocuae.</strong></span> <span class='ocrx_word' id='word_1_164' title='bbox 581 1506 651 1543; x_wconf 90' lang='lat' dir='ltr'><strong>sed</strong></span> <span class='ocrx_word' id='word_1_165' title='bbox 670 1519 750 1542; x_wconf 91' lang='lat' dir='ltr'><strong>non</strong></span> <span class='ocrx_word' id='word_1_166' title='bbox 769 1509 911 1556; x_wconf 88' lang='lat' dir='ltr'><strong>puppis</strong></span> <span class='ocrx_word' id='word_1_167' title='bbox 930 1512 1010 1552; x_wconf 86' lang='lat' dir='ltr'><strong>tua,</strong></span> <span class='ocrx_word' id='word_1_168' title='bbox 1030 1507 1222 1546; x_wconf 82' lang='lat' dir='ltr'><strong>Tarchon.</strong></span> 
     </span>
     <span class='ocr_line' id='line_1_30' title="bbox 166 1560 1210 1610; baseline -0.001 -13"><span class='ocrx_word' id='word_1_169' title='bbox 166 1574 334 1610; x_wconf 85' lang='lat' dir='ltr'><strong>namque</strong></span> <span class='ocrx_word' id='word_1_170' title='bbox 354 1561 500 1597; x_wconf 84' lang='lat' dir='ltr'><strong>inflicta</strong></span> <span class='ocrx_word' id='word_1_171' title='bbox 519 1560 626 1596; x_wconf 86' lang='lat' dir='ltr'><strong>vadis</strong></span> <span class='ocrx_word' id='word_1_172' title='bbox 646 1560 760 1596; x_wconf 90' lang='lat' dir='ltr'><strong>dorso</strong></span> <span class='ocrx_word' id='word_1_173' title='bbox 779 1560 873 1596; x_wconf 87' lang='lat' dir='ltr'><strong>dum</strong></span> <span class='ocrx_word' id='word_1_174' title='bbox 892 1560 1044 1609; x_wconf 87' lang='lat' dir='ltr'><strong>pendet</strong></span> <span class='ocrx_word' id='word_1_175' title='bbox 1063 1563 1210 1610; x_wconf 89' lang='lat' dir='ltr'><strong>iniquo,</strong></span> 
     </span>
     <span class='ocr_line' id='line_1_31' title="bbox 164 1613 1064 1663; baseline -0.002 -12"><span class='ocrx_word' id='word_1_176' title='bbox 164 1628 309 1663; x_wconf 87' lang='lat' dir='ltr'><strong>anceps</strong></span> <span class='ocrx_word' id='word_1_177' title='bbox 328 1619 549 1651; x_wconf 87' lang='lat' dir='ltr'><strong>sustentata</strong></span> <span class='ocrx_word' id='word_1_178' title='bbox 568 1614 648 1657; x_wconf 87' lang='lat' dir='ltr'><strong>diu,</strong></span> <span class='ocrx_word' id='word_1_179' title='bbox 671 1613 890 1663; x_wconf 87' lang='lat' dir='ltr'><strong>fluctusque</strong></span> <span class='ocrx_word' id='word_1_180' title='bbox 910 1614 1064 1662; x_wconf 84' lang='lat' dir='ltr'><strong>fatigat,</strong></span> 
     </span>
     <span class='ocr_line' id='line_1_32' title="bbox 164 1667 1145 1717; baseline -0.002 -13"><span class='ocrx_word' id='word_1_181' title='bbox 164 1669 327 1704; x_wconf 86' lang='lat' dir='ltr'><strong>solvitur</strong></span> <span class='ocrx_word' id='word_1_182' title='bbox 345 1673 464 1717; x_wconf 87' lang='lat' dir='ltr'><strong>atque</strong></span> <span class='ocrx_word' id='word_1_183' title='bbox 484 1670 584 1704; x_wconf 89' lang='lat' dir='ltr'><strong>viros</strong></span> <span class='ocrx_word' id='word_1_184' title='bbox 603 1667 743 1703; x_wconf 90' lang='lat' dir='ltr'><strong>mediis</strong></span> <span class='ocrx_word' id='word_1_185' title='bbox 762 1669 926 1716; x_wconf 87' lang='lat' dir='ltr'><strong>exponit</strong></span> <span class='ocrx_word' id='word_1_186' title='bbox 946 1670 985 1702; x_wconf 92' lang='lat' dir='ltr'><strong>in</strong></span> <span class='ocrx_word' id='word_1_187' title='bbox 1007 1667 1145 1711; x_wconf 90' lang='lat' dir='ltr'><strong>undis;</strong></span> 
     </span>
     <span class='ocr_line' id='line_1_33' title="bbox 165 1720 1150 1770; baseline -0.002 -13"><span class='ocrx_word' id='word_1_188' title='bbox 165 1722 356 1770; x_wconf 80' lang='lat' dir='ltr'><strong>fragmina</strong></span> <span class='ocrx_word' id='word_1_189' title='bbox 375 1734 571 1757; x_wconf 86' lang='lat' dir='ltr'><strong>remorum</strong></span> <span class='ocrx_word' id='word_1_190' title='bbox 590 1733 686 1770; x_wconf 87' lang='lat' dir='ltr'><strong>quos</strong></span> <span class='ocrx_word' id='word_1_191' title='bbox 706 1725 748 1757; x_wconf 88' lang='lat' dir='ltr'><strong>et</strong></span> <span class='ocrx_word' id='word_1_192' title='bbox 766 1720 960 1757; x_wconf 82' lang='lat' dir='ltr'><strong>fluitantia</strong></span> <span class='ocrx_word' id='word_1_193' title='bbox 979 1725 1150 1757; x_wconf 82' lang='lat' dir='ltr'><strong>transtra</strong></span> 
     </span>
    </p>
   </div>
   <div class='ocr_carea' id='block_1_9' title="bbox 164 1773 1239 1824">
    <p class='ocr_par' dir='ltr' id='par_1_9' title="bbox 164 1773 1239 1824">
     <span class='ocr_line' id='line_1_34' title="bbox 164 1773 1239 1824; baseline 0 -13"><span class='ocrx_word' id='word_1_194' title='bbox 164 1775 386 1824; x_wconf 87' lang='lat' dir='ltr'><strong>impediunt</strong></span> <span class='ocrx_word' id='word_1_195' title='bbox 401 1774 645 1823; x_wconf 86' lang='lat' dir='ltr'><strong>retrahitque</strong></span> <span class='ocrx_word' id='word_1_196' title='bbox 660 1773 783 1823; x_wconf 91' lang='lat' dir='ltr'><strong>pedes</strong></span> <span class='ocrx_word' id='word_1_197' title='bbox 797 1773 912 1810; x_wconf 91' lang='lat' dir='ltr'><strong>simul</strong></span> <span class='ocrx_word' id='word_1_198' title='bbox 928 1773 1033 1810; x_wconf 82' lang='lat' dir='ltr'><strong>unda</strong></span> <span class='ocrx_word' id='word_1_199' title='bbox 1047 1774 1239 1811; x_wconf 82' lang='lat' dir='ltr'><strong>relabens.</strong></span> 
     </span>
    </p>
   </div>
   <div class='ocr_carea' id='block_1_10' title="bbox 248 1869 1125 1911">
    <p class='ocr_par' dir='ltr' id='par_1_10' title="bbox 248 1869 1125 1911">
     <span class='ocr_line' id='line_1_35' title="bbox 248 1869 1125 1911; baseline 0 -10"><span class='ocrx_word' id='word_1_200' title='bbox 248 1871 291 1891; x_wconf 83' lang='lat'><strong>²⁷⁸</strong></span> <span class='ocrx_word' id='word_1_201' title='bbox 314 1872 362 1910; x_wconf 90' lang='lat'><strong>(=</strong></span> <span class='ocrx_word' id='word_1_202' title='bbox 378 1879 428 1903; x_wconf 88' lang='lat' dir='ltr'><strong>1x.</strong></span> <span class='ocrx_word' id='word_1_203' title='bbox 450 1871 524 1910; x_wconf 80' lang='lat'>127)</span> <span class='ocrx_word' id='word_1_204' title='bbox 539 1869 675 1902; x_wconf 75' lang='lat' dir='ltr'><strong>omitted</strong></span> <span class='ocrx_word' id='word_1_205' title='bbox 690 1870 732 1911; x_wconf 84' lang='lat' dir='ltr'><strong>by</strong></span> <span class='ocrx_word' id='word_1_206' title='bbox 747 1871 845 1911; x_wconf 57' lang='lat' dir='ltr'><em>MPay.</em></span> <span class='ocrx_word' id='word_1_207' title='bbox 937 1870 981 1890; x_wconf 79' lang='lat'><strong>²⁸⁰</strong></span> <span class='ocrx_word' id='word_1_208' title='bbox 1005 1871 1070 1901; x_wconf 86' lang='lat' dir='ltr'><strong>viri</strong></span> <span class='ocrx_word' id='word_1_209' title='bbox 1086 1871 1125 1902; x_wconf 79' lang='lat' dir='ltr'><strong>R.</strong></span> 
     </span>
    </p>
   </div>
   <div class='ocr_carea' id='block_1_11' title="bbox 250 1913 1245 1955">
    <p class='ocr_par' dir='ltr' id='par_1_11' title="bbox 250 1913 1245 1955">
     <span class='ocr_line' id='line_1_36' title="bbox 250 1913 1245 1955; baseline 0 -10"><span class='ocrx_word' id='word_1_210' title='bbox 250 1914 293 1933; x_wconf 69' lang='lat'><strong>²⁸¹</strong></span> <span class='ocrx_word' id='word_1_211' title='bbox 315 1913 442 1945; x_wconf 80' lang='lat' dir='ltr'><strong>referte</strong></span> <span class='ocrx_word' id='word_1_212' title='bbox 457 1913 532 1953; x_wconf 59' lang='lat' dir='ltr'><strong>P‘yl.</strong></span> <span class='ocrx_word' id='word_1_213' title='bbox 632 1913 675 1933; x_wconf 80' lang='lat'><strong>²⁸³</strong></span> <span class='ocrx_word' id='word_1_214' title='bbox 699 1914 823 1955; x_wconf 83' lang='lat' dir='ltr'><strong>egressi</strong></span> <span class='ocrx_word' id='word_1_215' title='bbox 840 1914 903 1953; x_wconf 58' lang='lat' dir='ltr'><strong>By,</strong></span> <span class='ocrx_word' id='word_1_216' title='bbox 922 1913 1038 1945; x_wconf 80' lang='lat' dir='ltr'><strong>known</strong></span> <span class='ocrx_word' id='word_1_217' title='bbox 1053 1918 1084 1944; x_wconf 77' lang='lat' dir='ltr'><strong>co</strong></span> <span class='ocrx_word' id='word_1_218' title='bbox 1100 1913 1245 1948; x_wconf 67' lang='lat' dir='ltr'><strong>Servius.</strong></span> 
     </span>
    </p>
   </div>
   <div class='ocr_carea' id='block_1_12' title="bbox 168 1956 1214 2129">
    <p class='ocr_par' dir='ltr' id='par_1_12' title="bbox 249 1956 946 1998">
     <span class='ocr_line' id='line_1_37' title="bbox 249 1956 946 1998; baseline 0 -11"><span class='ocrx_word' id='word_1_219' title='bbox 249 1957 293 1976; x_wconf 66' lang='lat'><strong>²⁹¹</strong></span> <span class='ocrx_word' id='word_1_220' title='bbox 315 1960 432 1998; x_wconf 80' lang='lat' dir='ltr'><strong>sperat</strong></span> <span class='ocrx_word' id='word_1_221' title='bbox 447 1957 539 1995; x_wconf 71' lang='grc' dir='ltr'><strong>ΡΗὙ,</strong></span> <span class='ocrx_word' id='word_1_222' title='bbox 556 1956 732 1996; x_wconf 74' lang='lat' dir='ltr'><strong>preferred</strong></span> <span class='ocrx_word' id='word_1_223' title='bbox 748 1957 788 1997; x_wconf 75' lang='lat' dir='ltr'><strong>by</strong></span> <span class='ocrx_word' id='word_1_224' title='bbox 803 1956 946 1987; x_wconf 76' lang='lat' dir='ltr'><strong>Servius.</strong></span> 
     </span>
    </p>

    <p class='ocr_par' dir='ltr' id='par_1_13' title="bbox 249 2000 1214 2041">
     <span class='ocr_line' id='line_1_38' title="bbox 249 2000 1214 2041; baseline 0.001 -11"><span class='ocrx_word' id='word_1_225' title='bbox 249 2001 292 2020; x_wconf 68' lang='lat'><strong>²³³</strong></span> <span class='ocrx_word' id='word_1_226' title='bbox 315 2010 451 2041; x_wconf 86' lang='lat' dir='ltr'><strong>proram</strong></span> <span class='ocrx_word' id='word_1_227' title='bbox 467 2000 536 2030; x_wconf 57' lang='lat'><em>231²:</em></span> <span class='ocrx_word' id='word_1_228' title='bbox 558 2010 660 2040; x_wconf 87' lang='lat' dir='ltr'><strong>prora</strong></span> <span class='ocrx_word' id='word_1_229' title='bbox 676 2001 715 2033; x_wconf 77' lang='lat' dir='ltr'><strong>R.</strong></span> <span class='ocrx_word' id='word_1_230' title='bbox 934 2000 976 2018; x_wconf 61' lang='lat'><strong>²⁷⁷</strong></span> <span class='ocrx_word' id='word_1_231' title='bbox 1001 2010 1131 2040; x_wconf 86' lang='lat' dir='ltr'><strong>puppes</strong></span> <span class='ocrx_word' id='word_1_232' title='bbox 1147 2000 1214 2032; x_wconf 80' lang='lat' dir='ltr'><strong>PR.</strong></span> 
     </span>
    </p>

    <p class='ocr_par' dir='ltr' id='par_1_14' title="bbox 168 2042 1197 2129">
     <span class='ocr_line' id='line_1_39' title="bbox 248 2042 1197 2084; baseline 0 -10"><span class='ocrx_word' id='word_1_233' title='bbox 248 2043 292 2062; x_wconf 78' lang='lat'><strong>³⁰³</strong></span> <span class='ocrx_word' id='word_1_234' title='bbox 315 2042 394 2074; x_wconf 83' lang='lat' dir='ltr'><strong>vadi</strong></span> <span class='ocrx_word' id='word_1_235' title='bbox 413 2042 467 2082; x_wconf 73' lang='lat'><strong>1³¹,</strong></span> <span class='ocrx_word' id='word_1_236' title='bbox 485 2042 626 2075; x_wconf 61' lang='lat' dir='ltr'><strong>Probus.</strong></span> <span class='ocrx_word' id='word_1_237' title='bbox 929 2043 973 2062; x_wconf 80' lang='lat'><strong>⁸⁰⁷</strong></span> <span class='ocrx_word' id='word_1_238' title='bbox 997 2042 1116 2084; x_wconf 83' lang='lat' dir='ltr'><strong>pedem</strong></span> <span class='ocrx_word' id='word_1_239' title='bbox 1135 2043 1197 2074; x_wconf 58' lang='lat'><strong>31².</strong></span> 
     </span>
     <span class='ocr_line' id='line_1_40' title="bbox 168 2092 239 2129; baseline -0.014 -5"><span class='ocrx_word' id='word_1_240' title='bbox 168 2093 179 2124; x_wconf 95' lang='lat' dir='ltr'><strong>l</strong></span> <span class='ocrx_word' id='word_1_241' title='bbox 189 2092 239 2129; x_wconf 83' lang='lat'><strong>90</strong></span> 
     </span>
    </p>
   </div>
   <div class='ocr_carea' id='block_1_13' title="bbox 1272 604 1346 637">
    <p class='ocr_par' dir='ltr' id='par_1_15' title="bbox 1272 604 1346 637">
     <span class='ocr_line' id='line_1_41' title="bbox 1272 604 1346 637; baseline 0.014 -1"><span class='ocrx_word' id='word_1_242' title='bbox 1272 604 1346 637; x_wconf 74' lang='lat'><strong>5285</strong></span> 
     </span>
    </p>
   </div>
   <div class='ocr_carea' id='block_1_14' title="bbox 1270 871 1346 910">
    <p class='ocr_par' dir='ltr' id='par_1_16' title="bbox 1270 871 1346 910">
     <span class='ocr_line' id='line_1_42' title="bbox 1270 871 1346 910; baseline 0.013 -7"><span class='ocrx_word' id='word_1_243' title='bbox 1270 871 1346 910; x_wconf 74' lang='lat'><strong>290</strong></span> 
     </span>
    </p>
   </div>
   <div class='ocr_carea' id='block_1_15' title="bbox 1265 1405 1341 1438">
    <p class='ocr_par' dir='ltr' id='par_1_17' title="bbox 1265 1405 1341 1438">
     <span class='ocr_line' id='line_1_43' title="bbox 1265 1405 1341 1438; baseline 0 0"><span class='ocrx_word' id='word_1_244' title='bbox 1265 1405 1341 1438; x_wconf 82' lang='lat'><strong>300</strong></span> 
     </span>
    </p>
   </div>
   <div class='ocr_carea' id='block_1_16' title="bbox 1263 1671 1337 1704">
    <p class='ocr_par' dir='ltr' id='par_1_18' title="bbox 1263 1671 1337 1704">
     <span class='ocr_line' id='line_1_44' title="bbox 1263 1671 1337 1704; baseline 0 0"><span class='ocrx_word' id='word_1_245' title='bbox 1263 1671 1337 1704; x_wconf 82' lang='lat'><strong>305</strong></span> 
     </span>
    </p>
   </div>
  </div>
 </body>
</html>
