1399 2271
627 83 817 119 VIRGIL

138 169 242 205 hunc
256 168 445 218 peditem.
480 167 602 217 pedes
621 173 664 204 et
679 168 821 217 Lycius
837 174 1079 217 processerat
1095 169 1211 217 Agis3

137 235 254 271 quem
274 228 408 259 tamen
429 221 533 258 haud
554 234 694 270 expers
715 221 877 258 Valerus
900 225 1055 258 virtutis
1074 225 1202 258 avitae

137 276 280 319 deicit3
309 281 350 311 at
368 274 585 311 Thronium
604 274 743 320 Salius,
763 274 989 324 Saliumque
1010 275 1177 312 Nealces

137 332 300 378 insignis
320 328 445 364 iaculo
465 334 507 365 et
525 328 644 377 longe
664 328 828 364 fallente
848 331 1003 377 sagitta.

191 383 272 418 Iam
291 384 418 432 gravis
437 382 632 431 aequabat
650 381 779 418 luctus
799 386 841 418 et
859 387 997 418 mutua
1018 382 1172 418 Mavors
1232 384 1306 422 755

138 435 299 480 funera;
327 435 548 472 caedebant
565 438 712 484 pariter
730 437 956 484 pariterque
975 437 1144 472 ruebant

138 492 304 526 victores
319 491 503 538 victique,
521 501 650 538 neque
665 488 725 525 his
741 488 834 537 fuga
848 494 942 525 nota
955 501 1084 538 neque
1100 489 1186 526 illis.

137 543 177 579 di
198 543 299 579 Iovis
319 545 358 578 in
378 545 495 579 tectis
514 545 609 577 iram
629 544 866 578 miserantur
883 544 1041 579 inanem
1228 555 1307 579 Men

137 597 339 633 amborum
359 601 400 633 et
418 601 550 632 tantos
569 596 798 631 mortalibus
818 608 903 631 esse
923 596 1097 632 labores:

138 650 229 686 hinc
250 650 396 694 Venus,
415 648 508 685 hine
528 654 663 685 contra
683 654 837 697 spec-tat
857 648 1039 685 Saturnia
1060 649 1184 693 Iuno;
1233 648 1308 689 760

138 703 283 752 pallida
301 702 515 752 Tisiphone
535 702 666 738 media
686 705 789 738 inter
808 702 914 738 milia
934 705 1067 753 saevit.

138 763 178 793 at
198 770 289 793 vero
308 759 515 805 ingentem
535 759 717 805 quatiens
738 756 961 792 Mezentius
980 756 1133 792 hastam

138 810 316 847 turbidus
332 809 553 859 ingreditur
567 822 716 858 campo.
755 822 872 859 quam
885 822 1051 858 magnus
1067 810 1205 856 Orion,

138 877 225 900 cum
245 864 368 913 pedes
388 863 538 899 incedit
556 863 677 899 medii
697 876 767 912 per
786 865 953 898 maxima
974 863 1094 899 Nerei

138 923 277 966 stagna
291 919 393 953 viam
408 916 604 961 scindens,
620 929 754 952 umero
769 918 1039 964 supereminet
1053 916 1191 962 undas,
1234 915 1307 956 765

137 976 206 1007 aut
224 973 386 1007 summis
405 969 581 1006 referens
600 983 787 1006 annosam
807 970 1006 1006 montibus
1025 982 1177 1015 ornum,

138 1024 438 1073 ingrediturque
459 1023 540 1059 solo
560 1028 602 1060 et
621 1028 740 1071 caput
760 1026 864 1059 inter
883 1023 1018 1059 nubila
1037 1023 1196 1062 condit:

138 1077 226 1114 talis
246 1090 287 1114 se
309 1079 426 1113 vastis
445 1076 567 1112 infert
588 1076 811 1112 Mezentius
829 1079 956 1112 armis.

192 1131 298 1167 Huic
311 1135 447 1166 contra
460 1131 628 1174 Aeneas,
642 1130 866 1178 speculatus
877 1132 918 1165 in
931 1132 1089 1178 agmine
1101 1129 1233 1178 longo,

137 1185 272 1221 obvius
292 1187 348 1220 ire
368 1188 489 1232 parat.
546 1189 683 1219 manet
702 1186 991 1232 imperterritus
1011 1183 1090 1228 ille,
1235 1186 1309 1222 770

139 1238 292 1274 hostem
308 1240 602 1286 magnanimum
617 1240 840 1285 opperiens,
853 1241 895 1273 et
906 1236 1009 1272 mole
1023 1249 1091 1273 sua
1102 1241 1182 1273 stat
1195 1252 1205 1284 ,-

137 1297 256 1340 atque
269 1291 390 1327 oeulis
403 1293 574 1339 spatium
587 1303 782 1335 emensus,
795 1295 987 1339 quantum
1000 1293 1093 1326 satis
1106 1289 1260 1327 hastae:

138 1345 312 1381 “dextra
334 1343 429 1380 mihi
450 1344 547 1380 deus
567 1349 609 1380 et
627 1343 766 1388 telum,
786 1343 889 1392 quod
911 1343 1056 1379 missile
1076 1343 1188 1388 libro,

137 1411 243 1434 nunc
261 1397 414 1434 adsint!
445 1409 567 1433 voveo
587 1396 795 1445 praedonis
815 1410 976 1445 corpore
996 1400 1118 1445 raptis

137 1451 320 1488 indutum
341 1450 474 1500 spoliis
493 1453 621 1498 ipsum
641 1455 696 1495 te,
718 1449 856 1494 Lause,
876 1455 1080 1498 tropaeum
1236 1452 1309 1489 775

138 1504 338 1541 Aeneae.’'
394 1504 495 1540 dixit
513 1503 830 1552 stridentemque
850 1506 1002 1540 eminus
1023 1503 1175 1539 hastam

137 1561 254 1602 iecit;
282 1562 323 1594 at
341 1557 408 1593 illa
427 1557 561 1593 volans
581 1556 708 1605 clipeo
729 1562 791 1593 est
810 1569 971 1593 excussa
991 1556 1204 1606 proculque

137 1614 341 1660 egregium
363 1611 543 1647 Antoren
564 1609 666 1647 latus
686 1612 791 1647 inter
810 1615 851 1647 et
870 1610 936 1646 ilia
955 1610 1053 1659 figit,

181 1755 223 1774 ⁷⁵¹
249 1754 399 1795 peditem
415 1754 528 1795 pedes.
549 1760 585 1785 et
601 1765 635 1786 so
649 1753 854 1793 punctuated
870 1754 916 1784 M.
960 1753 989 1783 T
989 1753 1026 1784 he
1041 1752 1134 1784 other
1148 1759 1310 1793 punctua-

137 1798 206 1829 cion
221 1797 383 1838 peditem.
425 1797 529 1838 pedes
545 1802 581 1828 et
597 1797 625 1828 is
640 1807 663 1827 a
678 1796 861 1835 conjecture
877 1796 918 1836 os
930 1796 1167 1836 Peerlkamp’s.

181 1840 225 1859 ⁷5⁴
249 1840 392 1881 insignis
408 1840 518 1871 M1a2:
540 1839 675 1871 insidiis
691 1840 868 1870 M2PRVb.

179 1883 224 1902 ⁷⁵⁸
246 1882 415 1914 cedebant
430 1883 524 1921 PR7,
542 1883 657 1914 known
673 1887 704 1913 ιο
719 1882 864 1913 Servius.

179 1925 225 1945 ⁷⁶⁸
247 1935 403 1966 campum
421 1926 467 1957 M.
602 1925 646 1945 ⁷⁶⁹
670 1925 736 1956 hue
751 1925 809 1956 P1:
832 1925 921 1956 hunc
940 1924 1029 1957 JJPS.

179 1968 224 1988 777
247 1969 347 2000 inicit
361 1980 393 2008 γ.
442 1971 480 2000 at
495 1968 630 2001 omitted
645 1968 686 2008 by
702 1967 786 2007 ΜῙἹ·

137 2033 213 2065 222
