1399 2271
634 51 825 89 VIRGIL

146 140 282 185 edidit,
301 139 496 176 aetherios
516 151 652 175 umero
671 140 738 188 qui
756 140 927 175 sustinet
945 138 1059 174 orbis.

149 195 250 230 vobis
272 193 489 229 Mercurius
508 197 621 241 pater
640 196 714 236 est,
732 204 850 240 quern
870 191 1036 227 candida
1057 191 1161 227 Maia

145 247 329 293 Cyllenae
349 245 481 294 gelido
501 250 737 293 conceptum
757 247 903 280 vertice
924 244 1052 287 fudit3

144 306 184 336 at
206 300 360 343 Maiam,
380 298 523 334 auditis
543 300 573 334 si
593 300 802 347 quicquam
820 297 1029 342 credimus,
1049 296 1174 343 Atlas,
1242 301 1314 333 140

146 354 249 389 idem
270 352 382 388 Atlas
401 356 579 400 generat,
598 350 695 387 caeli
715 353 782 400 qui
801 350 929 387 sidera
947 350 1062 387 tollit.

144 409 197 442 sic
217 419 342 454 genus
362 406 563 440 amborum
583 403 728 440 scindit
751 416 792 440 se
813 406 1003 452 sanguine
1022 404 1072 439 ab
1092 416 1180 441 uno.

146 460 203 495 liis
227 459 347 495 fretus
367 472 445 494 non
466 458 617 506 legatos
636 470 766 506 neque
786 459 910 506 prima
929 469 1000 505 per
1017 461 1143 492 artem

146 516 433 561 temptamenta
452 513 510 547 tui
530 513 687 559 pepigi3
715 523 792 554 me,
811 523 874 546 me
894 512 977 558 ipse
997 522 1209 559 meumque

145 567 268 602 obieci
289 570 407 614 caput
426 570 467 601 et
487 564 652 613 supplex
671 563 721 599 ad
740 563 875 599 limina
895 566 995 599 veni.
1241 567 1313 600 145

144 632 241 667 gens
262 619 413 663 eadem,
433 631 532 667 quae
552 623 605 662 te,
626 617 775 653 crudeli
796 617 950 652 Daunia
969 616 1074 652 bello

144 674 386 721 insequitur;
414 684 484 707 nos
503 674 534 707 si
554 670 717 719 pellant,
736 670 834 705 nihil
853 669 960 706 afore
980 669 1161 714 credunt,

144 728 238 774 quin
250 738 407 761 omnem
423 725 657 772 Hesperiam
670 726 828 772 penitus
841 736 909 759 sua
921 723 994 759 sub
1006 725 1097 772 iuga
1109 725 1284 769 mittant,

144 784 185 815 et
196 792 317 823 mare,
331 778 435 827 quod
448 791 574 826 supra,
587 782 765 821 teneant,
779 777 962 826 quodque
975 776 1101 812 adluit
1113 775 1225 812 infra.

143 835 275 880 accipe
296 831 423 880 daque
443 831 571 866 fidem.
629 835 722 867 sunt
741 831 852 866 nobis
872 829 988 866 fortia
1008 829 1112 866 bello
1243 834 1315 866 150

144 890 314 934 pectora,
335 889 427 920 sunt
445 886 564 919 animi
585 889 626 920 et
645 884 760 920 rebus
780 888 957 932 spectata
976 883 1199 920 iuventus.'’

200 938 362 973 Dixerat
381 937 548 973 Aeneas.
604 936 670 973 ille
691 949 732 973 os
752 936 962 985 oculosque
981 936 1180 985 loquentis

144 991 372 1026 iamdudum
392 995 434 1026 et
452 995 581 1026 toturn
600 989 792 1026 lustrabat
811 989 960 1025 lumine
981 1002 1130 1038 corpus.

144 1050 229 1080 tum
249 1047 303 1080 sic
322 1056 444 1092 pauca
463 1042 608 1079 refert:
637 1047 660 1063 “
675 1048 719 1079 ut
738 1048 792 1088 te,
813 1042 1022 1079 fortissime
1042 1043 1251 1088 Teucrum,

143 1099 291 1146 accipio
310 1109 557 1145 agnoscoque
577 1096 726 1132 libens!
756 1101 802 1132 ut
820 1096 938 1132 verba
957 1099 1132 1144 parentis
1244 1100 1314 1133 155

144 1155 185 1186 et
205 1162 339 1186 vocem
360 1149 556 1185 Anchisae
576 1152 707 1198 magni
730 1149 957 1198 voltumque
976 1149 1159 1185 recordor
1178 1150 1184 1172 ¹

143 1216 232 1238 nam
252 1205 412 1239 memini
436 1203 635 1238 Hesionae
655 1205 847 1238 visentem
868 1215 990 1250 regna
1009 1205 1148 1239 sororis

145 1255 505 1292 Laomedontiaden
530 1256 736 1300 Priamum,
758 1255 954 1292 Salamina
972 1261 1192 1304 petentem,

144 1313 321 1357 protinus
341 1308 532 1344 Arcadiae
553 1309 704 1357 gelidos
725 1311 892 1345 invisere
913 1308 1009 1345 finis.

144 1368 226 1398 tum
247 1362 341 1397 mihi
362 1364 486 1410 prima
505 1374 626 1410 genas
646 1362 815 1398 vestibat
835 1361 926 1398 flore
947 1364 1139 1408 iuventas,
1242 1362 1316 1400 160

142 1415 386 1464 mirabarque
406 1415 526 1450 duces
544 1414 727 1460 Teucros,
747 1415 914 1450 mirabar
934 1420 976 1451 et
994 1418 1121 1463 ipsum

145 1468 518 1510 Laomedontiaden,
540 1468 609 1504 sed
629 1471 781 1504 cunctis
801 1468 915 1504 altior
935 1469 1017 1504 ibat

142 1521 346 1557 Anchises.
403 1521 499 1556 mihi
519 1533 630 1557 mens
649 1521 819 1557 iuvenali
839 1521 1003 1557 ardebat
1022 1535 1154 1559 amore

142 1574 377 1623 compellare
390 1577 513 1623 virum
528 1579 569 1610 et
581 1574 744 1610 dextrae
758 1577 998 1623 coniungere
1014 1575 1194 1612 dextram
1209 1588 1219 1621 ;

141 1630 281 1663 accessi
305 1632 346 1663 et
365 1627 528 1675 cupidus
550 1627 699 1663 Phenei
720 1628 792 1664 sub
811 1631 966 1664 moenia
985 1628 1089 1665 duxi.
1243 1627 1314 1667 165

142 1680 207 1716 ille
226 1680 322 1716 mihi
341 1683 535 1728 insignem
555 1680 780 1729 pharetram
802 1681 1018 1731 Lyciasque
1038 1685 1202 1731 sagittas

140 1733 346 1769 discedens
362 1733 688 1783 chlamydemque
703 1747 796 1770 auro
811 1734 924 1770 dedit
938 1737 1209 1782 intertextam,

141 1786 328 1836 frenaque
343 1787 443 1831 bina,
458 1800 567 1823 meus
580 1800 680 1836 quae
693 1800 798 1823 nunc
810 1787 932 1824 habet
943 1801 1060 1825 aurea
1075 1788 1208 1827 Pallas.

206 1867 248 1886 ¹³⁹
273 1867 388 1897 fundit
404 1866 453 1897 Pl.
631 1867 675 1886 ¹⁴⁰
698 1867 840 1898 creditis
856 1868 932 1907 I’71.

206 1910 247 1929 ¹⁴⁷
272 1909 365 1940 afore
382 1910 434 1947 Pl,
453 1909 610 1941 Servius:
632 1910 751 1941 adfore
768 1910 884 1941 M2P2:
907 1910 1019 1942 atfore
1034 1912 1106 1943 MT:
1130 1912 1201 1944 fore
1217 1914 1255 1945 R.

204 1952 247 1972 ¹⁸⁷
273 1953 463 1983 intertexto
479 1952 564 1991 P1R,
583 1952 697 1984 known
714 1957 745 1985 ιο
761 1953 906 1985 Servius.

141 1997 191 2033 70
