1399 2271
664 80 855 116 VIRGIL

224 166 383 202 Interea
401 166 545 214 biiugis
563 164 686 202 infert
704 178 747 203 se
768 165 949 214 Lucagus
967 164 1066 202 albis
1267 177 1347 202 MR?

171 222 211 255 in
230 219 380 255 medios
400 218 600 268 fraterque
623 219 763 267 Liger3
792 219 862 255 sed
881 219 1004 255 frater
1024 218 1188 255 habenis
1272 217 1346 257 576

171 272 296 309 flectit
314 285 447 322 equos,
463 275 643 308 strictum
664 277 769 308 rotat
786 284 877 308 acer
892 272 1072 320 Lucagus
1091 285 1238 309 ensem.

171 326 276 362 haud
295 326 389 362 tulit
409 327 565 362 Aeneas
584 330 697 362 tanto
716 325 869 362 fervore
888 325 1079 363 furentis:

171 382 293 416 inruit
310 379 551 428 adversaque
572 381 714 428 ingens
733 380 916 428 apparuit
933 378 1055 415 hasta.

171 435 233 469 cui
253 432 394 481 Liger:
1271 437 1346 469 580

171 490 286 522 “non
307 486 511 522 Diomedis
531 498 652 535 equos
670 499 744 522 nec
764 499 919 522 currum
939 488 1066 522 cernis
1086 485 1231 522 Achilli

170 545 240 576 aut
261 539 454 589 Phrygiae
474 553 651 588 campos:
682 552 788 575 nunc
807 539 901 575 belli
923 538 1008 575 finis
1028 544 1070 575 et
1089 541 1175 575 aevi

172 593 231 629 his
250 592 408 629 dabitur
427 593 579 630 terris.”
635 605 780 629 vesano
799 592 893 628 talia
912 592 992 628 late

170 646 276 682 dicta
296 647 429 683 volant
450 646 593 695 Ligeri.
650 645 719 682 sed
739 659 818 681 non
839 651 881 682 et
900 645 1038 681 Troius
1056 644 1172 681 heros

170 700 275 736 dicta
287 705 399 749 parat
411 705 560 745 contra,
572 699 742 735 iaculum
754 712 845 735 nam
857 704 1018 748 torquet
1029 701 1068 734 in
1083 698 1247 735 hostem.
1271 703 1345 735 585

172 753 352 802 Lucagus
373 759 417 790 ut
436 766 582 802 pronus
600 752 780 802 pendens
800 755 840 788 in
860 753 1023 789 verbera
1041 752 1123 788 telo

169 807 375 843 admonuit
395 808 559 855 biiugos,
579 809 755 856 proiecto
775 805 868 842 dum
890 805 992 855 pede
1011 805 1123 842 laevo

169 865 281 909 aptat
300 873 341 896 se
362 873 531 909 pugnae,
551 860 657 896 subit
676 872 761 896 oras
782 859 893 896 hasta
911 872 983 908 per
1001 861 1096 895 inias

170 914 361 962 fulgentis
381 914 510 962 clipei,
530 919 614 949 tum
635 913 790 949 laevum
810 912 983 962 perforat
1002 915 1175 958 inguem

170 980 354 1004 excussus
374 980 487 1003 curru
508 966 763 1002 moribundus
783 966 951 1002 volvitur
969 969 1079 1002 arvis.
1270 970 1346 1009 590

169 1033 288 1070 quem
306 1022 393 1069 pius
413 1021 569 1056 Aeneas
588 1020 704 1056 dictis
723 1019 880 1055 adfatur
898 1022 1059 1055 amaris:

170 1077 194 1095 “
208 1073 380 1122 Lucage,
396 1073 503 1109 nulla
522 1079 610 1109 tuos
629 1085 764 1109 currus
783 1072 877 1121 fuga
896 1075 1028 1121 segnis
1049 1085 1239 1122 equorum

169 1127 343 1176 prodidit
361 1132 429 1163 aut
449 1140 571 1163 vanae
591 1131 744 1163 vertere
765 1139 812 1162 ex
832 1125 1012 1162 hostibus
1030 1127 1216 1170 umbrae3

170 1184 252 1229 ipse
274 1183 368 1216 rotis
387 1180 529 1216 saliens
548 1182 640 1229 iuga
658 1179 846 1216 deseris.''
901 1178 999 1216 haec
1017 1181 1073 1215 ita
1092 1179 1196 1216 fatus

168 1236 332 1282 arripuit
351 1234 527 1282 biiugos;
556 1233 678 1269 frater
695 1232 890 1269 tendebat
907 1235 1046 1269 inertis
1269 1236 1343 1275 595

168 1287 305 1323 infelix
326 1287 487 1336 palmas,
507 1300 620 1323 curru
641 1286 825 1336 delapsus
845 1286 984 1322 eodem
1001 1299 1008 1322 :

168 1345 192 1361 “
205 1353 276 1389 per
296 1345 349 1385 te,
369 1353 441 1389 per
459 1343 525 1389 qui
545 1345 586 1376 te
606 1340 727 1376 talem
748 1352 923 1388 genuere
942 1345 1141 1388 parentes,

168 1396 225 1429 vir
236 1393 416 1438 Troiane,
429 1396 513 1430 sine
526 1393 628 1429 hanc
639 1396 809 1429 animam
823 1398 865 1430 et
877 1395 1062 1429 miserere
1077 1393 1311 1442 precantis.”

168 1447 344 1495 pluribus
364 1449 490 1483 oranti
512 1446 690 1483 Aeneas:
721 1446 861 1482 “haud
881 1445 975 1482 talia
994 1446 1144 1482 dudum

167 1500 273 1536 dicta
287 1500 418 1536 dabas.
465 1512 617 1536 morere
630 1504 672 1536 et
684 1499 848 1536 fratrem
860 1512 911 1536 ne
924 1499 1063 1536 desere
1076 1499 1236 1537 frater.”
1265 1498 1342 1537 600

170 1559 253 1590 tum
272 1553 442 1590 latebras
461 1556 615 1590 animae
634 1559 773 1602 pectus
793 1566 979 1589 mucrone
998 1553 1178 1591 recludit.

168 1606 261 1643 talia
279 1619 350 1656 per
369 1619 527 1655 campos
547 1606 693 1643 edebat
711 1606 850 1643 funera
869 1606 1010 1643 ductor

169 1660 402 1705 Dardanius,
421 1663 609 1697 torrentis
627 1673 752 1709 aquae
771 1659 833 1696 vel
853 1661 1020 1696 turbinis
1038 1663 1112 1696 atri

167 1726 274 1750 more
288 1713 432 1750 furens.
461 1713 624 1750 tandem
638 1718 853 1762 erumpunt
865 1718 906 1750 et
918 1718 1043 1750 castra
1056 1714 1286 1764 relinquunt

167 1768 358 1804 Ascanius
376 1779 475 1817 puer
493 1772 536 1804 et
554 1769 794 1817 nequiquam
813 1767 969 1803 obsessa
986 1769 1181 1804 iuventus.
1265 1767 1340 1805 605

301 1888 345 1907 ⁶⁷⁵
370 1888 457 1929 bigis
473 1888 548 1927 1²7¹.
684 1887 728 1906 ⁵⁸⁵
751 1886 861 1918 hostis
877 1886 951 1917 P1R
963 1896 974 1917 .·
998 1886 1114 1917 hostes
1130 1886 1205 1926 1³²7.

304 1932 347 1950 ⁶⁸⁷
372 1931 518 1961 traiecto
535 1931 581 1961 Μ.
683 1930 726 1948 ⁵³²³
751 1933 849 1970 aptet
864 1929 938 1968 P71.

304 1974 348 1993 ⁸⁸³⁴
371 1973 499 2005 deserit
517 1973 558 2004 P¹
686 1973 730 1992 ⁵⁹⁶
754 1971 893 2003 inermis
913 1972 1000 2013 P¹7².
