1399 2271
606 65 795 102 VlRGlL

166 153 250 189 Tali
271 155 375 189 intus
396 151 545 201 templo
565 151 697 188 divum
719 154 921 201 patriaque
944 151 1106 187 Latinus

115 214 207 252 sede
227 214 368 251 sedens
389 214 559 250 Teucros
578 213 627 250 ad
649 225 734 250 sese
754 215 795 249 in
816 217 924 250 tecta
942 215 1106 257 vocavit,

113 282 232 326 atque
251 275 347 312 haec
367 278 551 325 ingressis
570 275 724 324 placido
743 277 847 324 prior
867 274 993 312 edidit
1012 287 1100 312 ore:

115 343 139 360 “
150 338 282 383 dicite,
297 336 547 373 Dardanidae
563 335 710 388 (neque
726 338 831 373 enim
847 338 1041 374 nescimus
1057 341 1099 373 et
1115 337 1250 372 urbem

114 406 155 437 et
174 412 313 449 genus,
333 398 535 448 auditique
556 398 761 435 advertitis
780 411 949 448 aequore
969 396 1154 448 cursum),
1214 395 1284 438 196

113 461 206 512 quid
227 462 389 510 petitis?
419 473 518 510 quae
539 474 652 498 causa
672 465 776 497 rates
795 465 864 497 aut
884 462 992 497 cuius
1012 461 1168 509 egentis

114 524 206 561 litus
224 523 274 559 ad
294 523 512 559 Ausonium
532 527 593 559 tot
613 536 683 572 per
702 522 799 558 vada
820 522 974 559 caerula
993 522 1128 559 vexit?

113 588 194 623 sive
214 597 343 622 errore
363 587 448 621 viae
468 597 535 621 seu
557 585 862 633 tempestatibus
880 586 969 631 acti,

113 646 242 697 qualia
260 646 384 683 multa
402 648 498 682 mari
518 651 662 683 nautae
682 648 888 695 patiuntur
906 648 946 682 in
966 645 1059 691 alto,
1212 649 1286 681 200

114 709 281 745 fluminis
300 709 474 745 intrastis
494 709 595 756 ripas
615 712 810 757 portuque
831 707 992 753 sedetis,

114 783 163 807 ne
183 769 310 818 fugite
330 768 545 819 hospitium
565 782 665 806 neve
684 771 864 818 ignorate
886 768 1046 806 Latinos

114 831 271 868 Saturni
291 836 466 880 gentem,
488 830 592 867 haud
613 830 740 867 vinclo
760 843 834 867 nee
854 830 1010 879 legibus
1029 843 1208 880 aequam,

113 897 254 941 sponte
274 905 342 928 sua
362 893 584 941 veterisque
604 891 669 928 dei
688 904 730 928 se
750 904 858 928 more
878 896 1097 928 tenentem.

113 959 232 1004 atque
248 953 432 1003 equidem
447 955 608 990 memini
624 952 745 1004 (fama
761 958 822 989 est
836 953 1035 989 obscurior
1050 953 1181 1003 annis)
1213 958 1286 989 205

116 1015 318 1052 Auruncos
338 1018 393 1051 ita
413 1014 516 1052 ferre
536 1027 664 1061 senes,
685 1014 743 1051 his
764 1020 871 1051 ortus
891 1019 936 1051 ut
954 1017 1057 1064 agris

116 1076 321 1113 Dardanus
342 1075 478 1112 Idaeas
500 1075 692 1125 Phrygiae
713 1078 937 1126 penetravit
955 1075 1003 1112 ad
1025 1077 1140 1113 urbes

113 1138 411 1187 Threiciamque
432 1137 605 1183 Samum,
624 1150 723 1187 quae
744 1151 848 1174 nunc
868 1137 1136 1175 Samothracia
1151 1138 1286 1176 fertur.

114 1200 205 1236 hinc
225 1199 335 1236 illum
357 1199 519 1248 Corythi
538 1199 743 1248 Tyrrhena
761 1199 810 1235 ab
831 1199 925 1236 sede
945 1199 1167 1249 profectum

114 1275 229 1299 aurea
248 1275 353 1298 nunc
373 1261 468 1298 solio
489 1261 684 1298 stellantis
704 1264 811 1310 regia
831 1261 929 1298 caeli
1214 1266 1289 1298 210

113 1325 256 1372 accipit
274 1328 316 1360 et
336 1335 543 1359 numerum
563 1322 741 1359 divorum
760 1322 949 1359 altaribus
969 1322 1129 1372 auget.''

168 1385 344 1430 Dixerat,
365 1389 407 1421 et
426 1384 532 1421 dicta
554 1384 727 1422 Ilioneus
748 1387 801 1421 sic
822 1397 916 1422 voce
936 1390 1118 1422 secutus:

116 1450 138 1467 “
151 1459 232 1491 rex,
252 1458 377 1494 genus
399 1448 602 1495 egregium
623 1445 759 1492 Fauni,
780 1458 853 1482 nec
873 1446 1053 1483 fluctibus
1073 1451 1180 1483 actos

115 1513 198 1545 atra
217 1508 375 1556 subegit
395 1506 520 1544 hiems
540 1509 679 1544 vestris
699 1507 911 1544 succedere
931 1510 1058 1554 terris,

114 1582 187 1606 nec
207 1569 313 1606 sidus
333 1571 494 1617 regione
514 1571 598 1605 viae
618 1568 761 1606 litusve
781 1568 947 1606 fefellit:
1215 1574 1289 1607 215

115 1631 275 1667 consilio
294 1630 396 1667 hanc
415 1643 551 1667 omnes
570 1633 789 1680 animisque
805 1631 1028 1668 volentibus
1049 1631 1186 1668 urbem

114 1691 340 1738 adferimur,
359 1691 460 1741 pulsi
480 1694 624 1741 regnis,
645 1705 745 1741 quae
765 1695 934 1729 maxima
953 1693 1150 1743 quondam

115 1754 291 1790 extremo
311 1755 473 1789 veniens
494 1752 560 1790 Sol
580 1753 796 1802 aspiciebat
816 1753 999 1804 Olympo.

114 1816 162 1851 ab
184 1814 275 1852 Iove
296 1817 531 1864 principium
551 1817 719 1864 generis,
742 1814 834 1852 Iove
856 1815 1042 1853 Dardana
1061 1817 1185 1867 pubes

306 1883 349 1903 ²⁰⁷
372 1884 564 1924 penetrarit
579 1885 617 1915 R.

306 1926 350 1946 ²¹1
373 1937 548 1957 numerom
564 1927 626 1958 P1:
650 1937 790 1958 numero
806 1928 896 1968 [³²7¹.
945 1927 1045 1961 addit.
1059 1929 1106 1969 γ’.

308 1969 351 1989 ²¹²
374 1969 506 2001 dictum
522 1969 586 2000 Ml.

122 2011 166 2050 16
