1399 2271
639 64 830 101 VIRGIL

148 151 271 188 multa
282 164 412 196 manu,
425 164 499 188 nec
510 164 590 188 non
602 164 817 201 aurumque
829 154 1060 202 animusque
1076 151 1216 189 Latino
1230 162 1300 190 est.

146 219 239 250 sunt
256 213 355 250 aliae
374 215 566 262 innuptae
587 213 702 250 Latio
721 219 763 250 et
783 213 1046 250 Laurentibus
1067 217 1179 259 arvis,

146 288 219 311 nec
232 287 357 324 genus
369 274 584 311 indecores.
615 277 699 311 sine
712 287 776 311 me
789 274 887 312 haec
898 274 1004 312 haud
1017 275 1149 312 mollia
1161 275 1245 313 fatu
1273 280 1319 313 25

145 336 308 373 sublatis
325 338 478 386 aperire
497 335 609 381 dolis,
630 335 742 372 simul
764 335 838 372 hoc
857 338 988 372 animo
1006 336 1140 375 hauri:

145 411 208 435 me
227 404 360 435 natam
380 397 479 434 nulli
498 402 679 435 veterum
699 400 845 434 sociare
865 411 1072 447 procorum

145 459 200 497 fas
213 465 311 506 erat,
323 460 442 510 idque
455 472 591 496 omnes
604 459 761 509 divique
775 460 1033 510 hominesque
1046 461 1252 498 canebant.

145 525 268 559 victus
287 535 417 559 amore
437 525 509 568 tui,
529 527 696 571 cognato
717 525 907 572 sanguine
928 525 1066 567 victus,

144 587 318 633 coniugis
339 590 381 621 et
399 588 573 620 maestae
593 583 773 629 lacrimis,
793 583 921 620 vincla
940 587 1070 621 omnia
1091 587 1201 633 rupi:
1271 590 1320 623 30

143 649 370 695 promissam
390 648 515 695 eripui
534 658 695 694 genero,
715 659 823 681 arma
842 648 961 695 impia
981 650 1138 695 sumpsi.

143 721 190 745 ex
210 708 277 744 illo
297 710 362 758 qui
382 720 446 744 me
467 720 590 753 casus,
610 720 723 756 quae,
743 707 889 753 Turne,
910 713 1125 757 sequantur

143 768 245 805 bella
264 768 385 813 vides,
405 773 572 817 quantos
592 770 740 816 primus
760 771 910 817 patiare
930 768 1093 806 labores.

141 831 198 867 bis
218 843 361 879 magna
380 832 473 866 victi
493 843 627 878 pugna
647 832 709 865 vix
731 830 826 866 urbe
846 835 1005 866 tuemur

140 905 229 942 spes
250 892 391 936 Italas;
421 892 599 928 recalent
617 897 752 928 nostro
771 891 956 929 Tiberina
975 892 1122 930 fluenta
1270 899 1318 932 35

139 957 331 1004 sanguine
343 953 472 990 adhuc
485 955 691 1003 campique
705 955 890 1002 ingentes
904 955 1052 991 ossibus
1065 954 1211 993 albent.

139 1029 216 1065 quo
228 1016 377 1053 referor
388 1018 535 1052 totiens
550 1016 564 1050 ?
590 1027 691 1064 quae
704 1020 881 1052 mentem
894 1018 1044 1052 insania
1057 1018 1213 1054 mutat?

139 1080 169 1114 si
188 1077 322 1114 Turno
343 1079 539 1114 exstincto
559 1079 682 1113 socios
702 1089 788 1113 sum
808 1076 959 1114 adscire
979 1084 1150 1126 paratus,

143 1152 210 1176 cur
228 1152 308 1175 non
327 1138 515 1175 incolumi
534 1140 665 1187 potius
685 1141 900 1174 certamina
919 1138 1042 1174 tollo?

139 1200 232 1250 quid
253 1202 536 1249 consanguinei
557 1199 706 1245 Rutuli,
726 1199 820 1249 quid
841 1204 973 1236 cetera
994 1200 1102 1238 dicet
1268 1208 1317 1240 40

140 1263 268 1309 Italia,
286 1262 336 1299 ad
356 1267 526 1298 mortem
545 1263 577 1298 si
596 1266 638 1298 te
657 1260 770 1312 (Fors
790 1261 896 1298 dicta
915 1261 1066 1299 refutet
1079 1261 1108 1313 !)

137 1324 390 1374 prodiderim,
409 1328 542 1360 natam
563 1328 606 1360 et
625 1323 792 1359 conubia
812 1328 945 1360 nostra
964 1325 1201 1373 petentem?

136 1388 286 1435 respice
305 1397 368 1422 res
387 1384 492 1421 bello
512 1386 657 1428 varias3
686 1386 873 1421 miserere
893 1387 1067 1433 parentis

135 1447 329 1496 longaevi,
342 1459 460 1496 quem
473 1459 579 1482 nunc
591 1451 785 1483 maestum
801 1448 927 1495 patria
943 1446 1074 1483 Ardea
1090 1446 1208 1496 longe

135 1508 313 1545 dividit.”
369 1507 672 1557 haudquaquam
691 1507 808 1544 dictis
827 1506 1015 1544 violentia
1033 1507 1155 1544 Turni
1266 1515 1314 1547 45

135 1569 328 1613 flectitur3
348 1573 559 1618 exsuperat
570 1570 695 1617 magis
710 1570 985 1617 aegrescitque
998 1568 1208 1606 medendo.

134 1637 178 1668 ut
197 1634 367 1681 primum
386 1630 459 1667 fari
477 1632 620 1679 potuit,
642 1632 696 1666 sic
716 1632 863 1666 institit
882 1642 948 1667 ore
964 1643 972 1666 :
1260 1646 1314 1670 im

134 1698 158 1714 “
170 1706 286 1743 quam
305 1706 376 1742 pro
395 1706 459 1730 me
479 1705 611 1728 curam
627 1694 744 1741 geris,
758 1691 860 1728 hanc
875 1705 1025 1741 precor,
1043 1695 1206 1742 optime,

238 1760 308 1795 pro
328 1759 390 1783 me

263 1872 290 1890 ²¹
314 1872 405 1903 arvis
421 1873 467 1909 Al,
486 1871 622 1903 Servius
634 1881 645 1902 .·
666 1871 757 1910 agris
775 1871 902 1910 Ple-7170.

261 1915 288 1933 ⁴⁸
311 1914 527 1955 ardescitque
543 1912 674 1945 tuendo
690 1916 744 1952 (on
760 1913 895 1954 maryin
911 1915 1093 1956 aegrescit)
1112 1915 1157 1948 M.

261 1958 286 1976 Η
312 1957 436 1999 incipit
453 1958 499 1996 M,
518 1957 684 1990 Domana.

133 2014 209 2048 300
