1399 2271
636 78 832 118 VIRGIL

704 209 760 247 VI

137 298 276 343 Socma,
298 298 415 335 beate
435 310 510 335 nec
528 297 603 335 tibi
622 310 697 335 nec
716 297 846 343 alteri,

136 371 341 409 generque
364 357 574 403 Noctuine,
595 357 780 408 putidum
800 363 932 408 caput,

137 424 285 469 tuoque
305 431 412 454 nunc
431 417 565 468 puella
583 417 673 454 talis
692 423 734 454 et
754 423 824 455 tuo

136 484 298 529 stupore
317 490 452 527 pressa
471 490 535 514 rus
555 477 681 514 abibit
700 483 742 515 et
761 477 870 521 mihi,

137 545 181 576 ut
200 538 268 575 ille
288 550 422 574 versus
442 550 726 588 usquequaque
745 540 949 587 pertinet:
1298 541 1320 576 ⁵

137 604 161 620 ‘⁶
173 611 298 649 gener
317 610 520 647 socerque,
539 597 768 647 perdidistis
788 596 960 634 omnia.”

691 740 769 777 VII

137 828 313 866 semem
333 827 407 863 hoc
428 829 512 864 sine
532 826 685 872 fraude,
702 827 794 864 Vari
809 826 1049 873 dulcissime,
1064 827 1192 865 dicam
1208 841 1218 866 z

189 887 424 937 dispeream,
445 889 520 923 nisi
539 900 604 924 me
624 886 800 937 perdidit
818 889 895 924 iste
914 888 1035 927 πόθος.

137 950 196 984 sin
217 952 350 983 autem
371 952 586 996 praecepta
605 951 745 984 vetant
766 959 830 983 me
850 946 996 991 dicere,
1018 960 1111 984 sane

190 1020 270 1043 non
290 1006 434 1051 dicam,
452 1005 522 1043 sed
542 1018 606 1042 me
627 1005 803 1056 perdidit
822 1008 898 1043 iste
919 1019 1028 1056 puer.

683 1143 784 1180 VIII

138 1233 322 1279 Vinum,
343 1246 444 1284 quae
465 1232 614 1270 Sironis
633 1245 732 1277 eras,
752 1237 794 1269 et
813 1245 964 1282 pauper
983 1231 1128 1281 agelle,

191 1306 328 1331 verum
348 1292 404 1328 illi
424 1292 584 1328 domino
603 1296 648 1328 tu
669 1304 826 1342 quoque
847 1291 1022 1336 divitiae,

138 1367 202 1391 me
221 1354 295 1391 tibi
314 1358 356 1389 et
376 1352 446 1389 hos
466 1365 544 1389 una
562 1364 732 1397 mecum,
753 1364 850 1402 quos
870 1364 1028 1401 semper
1046 1353 1186 1397 amavi,

191 1416 222 1451 si
242 1412 338 1463 quid
357 1411 408 1448 de
429 1413 556 1461 patria
575 1413 726 1448 tristius
746 1410 921 1456 audiero,

139 1471 387 1516 commendo,
402 1473 442 1507 in
459 1473 673 1521 primisque
689 1476 853 1520 patrem.
898 1476 943 1507 tu
958 1483 1064 1507 nunc
1080 1472 1158 1507 eris
1173 1470 1244 1517 illi,
1300 1475 1321 1508 5

195 1533 360 1569 Mantua
379 1530 484 1581 quod
505 1529 635 1566 fuerat
656 1529 841 1580 quodque
863 1529 1056 1566 Cremona
1076 1532 1193 1579 prius.

184 1635 244 1667 VI.
272 1634 286 1654 ³
310 1640 416 1665 tuone
431 1632 604 1672 Scaliqer:
627 1635 758 1674 tuoque
774 1637 812 1664 Ω.

183 1680 195 1698 ⁴
218 1678 328 1710 abibit
345 1680 380 1709 et
397 1677 428 1708 Β
440 1687 450 1707 .·
474 1676 610 1707 habitet:
626 1675 711 1713 ΖΜ,
730 1675 823 1707 Med.
840 1685 852 1707 :
874 1675 986 1707 abibit
999 1678 1012 1707 2
1027 1675 1083 1707 hei
1099 1675 1263 1717 Scaliqer.

183 1722 195 1740 ⁸
218 1722 260 1760 (gf.
281 1720 452 1757 Catullus,
471 1727 571 1751 mx.
593 1719 647 1757 ⁴24,
667 1729 763 1750 socer
778 1729 961 1761 generque,
980 1729 1012 1760 p.
1034 1728 1064 1750 0.

183 1765 264 1796 VII.
291 1764 304 1784 ²
327 1764 422 1795 πόθος
437 1762 538 1804 Spiro
550 1773 561 1793 .·
583 1762 712 1804 pothus
729 1762 862 1804 (potus)
879 1767 905 1794 Ω
921 1776 930 1795 :
953 1766 1061 1804 putus
1073 1762 1236 1804 Scaliqer.

182 1809 195 1827 ³
218 1808 351 1847 autern]
366 1807 452 1838 artis
470 1806 510 1837 H
510 1816 600 1845 eyne.

182 1850 283 1883 VIII.
311 1850 324 1869 ⁵
348 1851 383 1881 in
400 1850 589 1892 primisque
605 1848 732 1880 Aldine
749 1848 874 1880 edition
894 1849 996 1883 1517:
1021 1849 1211 1891 primisque
1225 1853 1263 1883 Ω.

180 1955 193 1975 ¹
215 1955 264 1987 To
288 1954 330 1986 be
355 1953 462 1985 taken
487 1964 524 1984 as
548 1953 844 1994 eomplementary
869 1956 905 1984 to
932 1952 1012 1984 XII.
1063 1952 1104 1985 In
1130 1953 1189 1984 the
1217 1953 1324 1986 latter

138 1999 292 2040 epigram
315 1997 376 2029 the
400 1995 650 2028 father-in-Iaw
678 1997 707 2027 is
732 1996 843 2028 casseu
869 1996 1012 2035 Atilius,
1036 2007 1058 2028 a.
1079 2007 1178 2028 name
1195 1997 1321 2036 which,

141 2048 215 2085 492
