1399 2271
631 70 821 108 V1RG1L

135 171 333 195 accessum
352 157 522 194 lustrans
543 157 620 193 huc
639 170 704 193 ora
725 157 877 193 ferebat
896 161 938 193 et
956 156 1062 202 illuc,

136 212 321 248 dentibus
340 210 582 247 infrendens.
639 215 701 246 ter
720 215 848 246 totum
869 209 1041 246 fervidus
1060 212 1115 245 ira
1234 212 1309 245 230

137 266 276 301 lustrat
296 264 485 301 Aventini
505 268 695 308 montem,
714 268 777 299 ter
794 276 909 299 saxea
928 268 1101 311 temptat

138 318 270 353 limina
289 320 539 366 nequiquam,
559 321 621 353 ter
640 316 765 352 fessus
784 316 884 352 valle
904 316 1062 352 resedit.

137 372 266 407 stabat
284 375 399 406 acuta
419 370 527 414 silex,
548 371 730 418 praecisis
750 369 924 418 undique
944 371 1044 405 saxis

137 424 347 473 speluncae
366 423 480 459 dorso
498 425 719 472 insurgens,
736 422 925 459 altissima
943 425 1040 467 visu,

137 478 307 514 dirarum
326 476 428 513 nidis
447 476 586 512 domus
605 481 826 525 opportuna
844 475 1054 511 volucrum.
1235 479 1309 511 235

138 531 250 575 hanc,
264 535 309 567 ut
320 543 441 579 prona
452 532 544 578 iugo
556 529 710 565 laevum
723 529 977 565 incumbebat
989 529 1038 565 ad
1051 542 1221 574 amnem,

137 583 278 620 dexter
297 586 337 619 in
356 583 563 619 adversum
583 585 715 619 nitens
734 584 931 618 concussit
950 587 992 618 et
1011 584 1097 618 imis

137 637 305 673 avolsam
325 636 441 672 solvit
459 635 676 679 radicibus3
705 635 798 672 inde
818 640 985 684 repente

138 690 307 738 impulit,
326 689 494 737 impulsu
515 701 591 737 quo
611 690 801 724 maximus
820 690 976 724 intonat
994 688 1146 733 aether,

137 743 349 779 dissultant
367 745 474 790 ripae
494 741 702 790 refluitque
723 743 934 778 exterritus
953 741 1088 778 amnis.
1236 745 1311 777 240

138 802 176 832 at
198 809 336 844 specus
357 801 398 831 et
419 795 507 831 Caci
527 795 687 831 detecta
706 797 888 843 apparuit
907 796 1048 843 ingens

139 853 245 898 regia
265 854 307 885 et
327 849 530 885 umbrosae
549 851 708 897 penitus
728 853 892 896 patuere
912 861 1115 893 cavernae,

139 916 214 938 non
237 915 347 938 secus
368 915 413 937 ac
432 903 462 938 si
483 914 559 950 qua
578 904 736 950 penitus
756 903 793 937 vi
812 906 916 937 terra
937 901 1145 938 dehiscens

140 955 309 992 infernas
330 959 479 992 reseret
497 954 611 991 sedes
631 959 673 991 et
692 967 814 1003 regna
833 954 1012 991 recludat

141 1009 295 1057 pallida,
315 1008 374 1044 dis
394 1010 529 1052 invisa,
549 1020 743 1057 superque
763 1010 933 1043 immane
954 1007 1180 1044 barathrum
1238 1012 1312 1044 245

139 1067 332 1106 cernatur,
351 1061 555 1110 trepident
573 1063 745 1097 immisso
763 1060 912 1097 lumine
934 1061 1082 1098 Manes.

140 1128 232 1163 ergo
251 1117 448 1163 insperata
467 1114 705 1163 deprensum
724 1114 812 1150 luce
832 1119 998 1162 repente

139 1168 411 1217 inclusumque
432 1180 525 1204 cavo
544 1180 636 1203 saxo
655 1172 774 1216 atque
795 1169 950 1203 insueta
970 1167 1181 1204 rudentem

139 1222 308 1270 desuper
326 1220 487 1257 Alcides
505 1220 596 1257 telis
616 1223 772 1269 premit,
792 1222 1000 1270 omniaque
1020 1234 1126 1257 arma

139 1274 303 1311 advocat
322 1279 363 1311 et
381 1276 497 1309 ramis
516 1276 713 1322 vastisque
732 1274 943 1309 molaribus
963 1276 1095 1311 instat.
1238 1278 1314 1311 250

139 1328 205 1364 ille
219 1333 366 1372 autem,
379 1340 508 1376 neque
524 1329 630 1363 enim
646 1327 738 1376 fuga
751 1329 826 1362 iam
840 1340 956 1375 super
970 1327 1047 1363 ulla
1059 1327 1210 1377 pericli,

139 1380 314 1417 faucibus
333 1383 539 1429 ingentem
559 1379 724 1424 fumum,
743 1380 920 1416 mirabile
940 1380 1064 1426 dictu,

140 1436 285 1470 evomit
304 1433 546 1482 involvitque
566 1432 726 1469 domum
746 1432 914 1482 caligine
936 1446 1064 1479 caeca,

140 1492 389 1535 prospectum
403 1489 573 1535 eripiens
585 1486 719 1531 oculis,
731 1486 1004 1536 glomeratque
1019 1488 1092 1524 sub
1104 1493 1218 1524 antro

141 1540 361 1576 fumiferam
382 1545 540 1575 noctem
560 1542 780 1575 commixtis
800 1542 893 1588 igne
913 1541 1099 1577 tenebris.
1238 1545 1313 1578 255

139 1605 217 1629 non
236 1593 330 1629 tulit
349 1592 508 1629 Alcides
527 1595 679 1638 animis,
698 1605 818 1642 seque
839 1596 920 1641 ipse
942 1607 1011 1642 pci-
1030 1596 1164 1643 ignem

139 1649 342 1695 praecipiti
361 1648 454 1682 iecit
474 1645 588 1690 saltu,
608 1659 684 1695 qua
704 1645 892 1694 plurimus
913 1646 1058 1682 undam

139 1699 268 1735 fumus
286 1702 369 1748 agit
387 1699 610 1748 nebulaque
630 1701 771 1747 ingens
787 1712 925 1748 specus
941 1705 1096 1736 aestuat
1111 1705 1205 1738 atra.

139 1752 202 1789 hic
222 1753 365 1788 Cacum
384 1754 425 1788 in
445 1753 620 1789 tenebris
640 1752 823 1788 incendia
844 1766 942 1788 vana
962 1759 1191 1791 vomentem

309 1843 352 1864 ²³⁸
375 1843 549 1874 advolsam
568 1843 627 1875 M1.
806 1843 850 1862 ‘³³⁹
874 1843 1012 1875 insonat
1026 1846 1066 1877 R.

309 1888 351 1906 2³¹
377 1886 497 1916 reserit
513 1886 582 1916 111¹:
605 1893 735 1917 reserat
752 1887 874 1918 MssPR.

308 1930 350 1948 ²⁴⁶
375 1928 619 1969 trepidantque
636 1930 676 1960 R.
807 1928 850 1947 ²⁴²⁷
873 1928 908 1959 in
925 1928 1000 1960 luce
1019 1930 1108 1963 M’R.

308 1972 351 1992 ¹⁵¹
373 1971 492 2013 pericli
508 1974 561 2002 est
576 1972 638 2011 [²7.
808 1971 851 1991 ⁸⁵⁷
876 1972 994 2004 iniecit.
1009 1974 1070 2014 Py.

139 2014 188 2054 76
