1399 2271
629 67 818 104 VIRGIL

137 154 294 191 adiuvat
314 156 467 191 incessu
487 156 608 191 tacito
628 166 855 203 progressus
875 159 917 191 et
936 168 1041 191 aram

136 207 365 257 suppliciter
385 220 577 244 venerans
596 208 765 244 demisso
784 207 934 245 lumine
953 208 1108 246 Turnus
1230 214 1306 247 220

138 262 398 311 tabentesque
417 274 543 310 genae
564 266 605 298 et
624 261 794 297 iuvenali
814 264 854 297 in
874 274 1034 310 corpore
1055 262 1189 311 pallor.

135 328 252 365 quem
272 315 385 351 simul
406 328 450 351 ac
472 315 636 351 Iuturna
655 327 760 351 soror
780 315 1026 352 crebrescere
1046 315 1145 353 vidit

134 381 356 405 sermonem
376 373 418 405 et
437 368 540 417 volgi
562 370 708 404 variare
728 368 901 404 labantia
920 368 1048 414 corda,

133 424 174 458 in
193 421 342 458 medias
361 424 476 466 acies,
495 421 660 457 formam
678 421 912 458 adsimulata
930 421 1102 459 Camerti

133 474 213 526 (cui
231 488 358 524 genus
377 489 399 511 a
417 477 569 524 proavis
588 478 729 524 ingens
749 474 975 525 clarumque
996 480 1182 524 paternae
1230 480 1304 513 225

133 541 278 566 nomen
298 534 383 565 erat
402 531 558 565 virtutis
577 533 619 565 et
638 531 722 577 ipse
741 531 951 565 acerrimus
970 528 1117 579 armis),

133 585 173 618 in
193 582 341 619 medias
361 582 430 619 dat
449 595 534 619 sese
553 584 668 627 acies,
687 581 793 618 haud
812 584 944 618 nescia
963 595 1105 628 rerum,

133 649 385 685 rumoresque
405 638 501 673 serit
520 638 644 672 varios
663 648 707 671 ae
726 635 821 671 talia
840 634 966 672 fatur:

133 694 246 726 “non
266 689 404 738 pudet,
424 702 446 725 0
469 688 616 733 Rutuli,
636 701 707 737 pro
727 690 878 725 cunctis
897 688 1042 725 talibus
1063 702 1180 725 unam

132 743 329 780 obiectare
349 743 546 778 animam?
574 755 792 778 numerone
811 755 862 778 an
880 742 1026 778 viribus
1045 745 1160 792 ae‘qui
1229 747 1305 780 230

133 809 211 833 non
224 797 383 833 sumus?
404 809 467 841 en,
480 808 616 832 omnes
629 801 671 832 et
682 795 802 832 Troes
815 800 858 832 et
869 795 1042 832 Arcades
1054 795 1096 832 hi
1107 801 1214 841 sunt,

132 849 349 899 fatalesque
370 862 521 894 manus,
539 848 694 885 infensa
713 848 870 885 Etruria
887 848 1031 885 Turno.

132 906 194 939 vix
213 903 382 948 hostem,
400 903 543 939 alterni
563 904 594 939 si
614 902 925 951 congrediamur,
945 902 1145 939 habemus.

132 956 197 993 ille
218 956 379 1006 quidem
398 956 447 992 ad
467 968 641 1005 superos,
660 968 825 1005 quorum
845 968 885 991 se
906 955 1076 992 devovet
1094 958 1181 1002 aris,

131 1010 319 1046 succedet
339 1009 441 1045 fama
459 1012 647 1058 vivusque
668 1022 738 1058 per
757 1021 822 1045 ora
838 1008 1011 1052 feretur3
1229 1014 1303 1047 235

132 1076 201 1100 nos
220 1065 345 1111 patria
363 1065 503 1099 amissa
521 1062 690 1098 dominis
708 1074 846 1111 parere
864 1063 1041 1111 superbis

131 1129 329 1165 cogemur,
348 1118 415 1166 qui
434 1129 540 1152 nunc
557 1115 658 1152 lenti
677 1115 925 1152 consedimus
944 1114 1081 1152 arvis.''

183 1169 344 1206 Talibus
364 1172 524 1206 incensa
545 1174 606 1206 est
623 1171 811 1205 iuvenum
829 1171 1029 1205 sententia
1049 1168 1164 1205 dictis

131 1226 206 1259 iam
218 1225 342 1272 magis
354 1228 474 1272 atque
486 1225 610 1271 magis
622 1224 823 1271 serpitque
835 1235 906 1270 per
917 1225 1074 1270 agmina
1085 1236 1278 1267 murmur;

131 1279 203 1325 ipsi
224 1276 442 1312 Laurentes
462 1278 604 1312 mutati
622 1277 775 1324 ipsique
797 1275 939 1311 Latini.
1228 1281 1303 1313 240

131 1333 197 1379 qui
217 1330 289 1366 sibi
309 1332 385 1365 iam
405 1331 583 1378 requiem
601 1341 758 1377 pugnae
779 1329 973 1377 rebusque
994 1328 1162 1365 salutem

130 1384 353 1432 sperabant,
368 1395 474 1418 nunc
488 1395 595 1418 arma
609 1382 748 1418 volunt
762 1381 979 1431 foedusque
996 1386 1207 1430 precantur

130 1436 322 1472 infectum
343 1441 385 1472 et
403 1435 526 1471 Turni
545 1439 691 1471 sortem
710 1437 946 1471 miserantur
966 1437 1150 1484 iniquam.

130 1490 189 1526 his
209 1489 315 1525 aliud
336 1491 459 1525 maius
480 1488 645 1525 Iuturna
664 1488 845 1537 adiungit
865 1493 907 1525 et
925 1488 1005 1525 alto

129 1543 199 1580 dat
217 1545 373 1591 signum
392 1541 514 1587 caelo,
533 1554 609 1591 quo
629 1554 709 1578 non
728 1544 974 1590 praesentius
994 1541 1118 1578 ullum
1227 1547 1301 1580 245

129 1596 303 1633 turbavit
321 1600 477 1632 mentes
499 1595 617 1632 Italas
637 1600 891 1644 monstroque
911 1594 1065 1631 fefellit.

129 1662 298 1699 namque
318 1649 453 1686 volans
471 1649 588 1685 rubra
606 1648 735 1685 fulvus
757 1648 857 1685 Iovis
876 1647 957 1685 ales
976 1650 1016 1684 in
1036 1648 1173 1685 aethra

129 1703 286 1740 litoreas
304 1703 482 1751 agitabat
499 1704 581 1739 avis
599 1702 835 1751 turbamque
855 1706 1061 1738 sonantem

173 1805 215 1824 ²²¹
239 1803 397 1835 tabentes
413 1803 489 1835 (1²c:
514 1803 684 1845 pubentes
700 1808 782 1835 most
798 1804 894 1835 MSS.

173 1848 216 1866 ²³⁰
240 1848 296 1886 an]
312 1858 351 1877 ac
367 1847 418 1877 ΡΖ.
467 1847 585 1888 aequis
601 1848 661 1887 Ργ.
756 1846 800 1866 ²³2
823 1846 1007 1887 fatalisque
1019 1847 1098 1885 P7c,
1112 1846 1254 1878 Sem-ius.

173 1890 215 1909 ²³⁷
239 1890 342 1921 lentis
358 1890 404 1929 71.
454 1890 558 1920 armis
573 1888 662 1929 ΜῙὙι
677 1889 795 1929 (lentis
813 1913 819 1919 .
838 1913 845 1920 .
866 1913 873 1920 .
894 1889 997 1920 armis
1015 1889 1176 1930 Bentley).

172 1933 215 1952 ²³9
239 1933 321 1971 iam]
337 1937 411 1963 tum
427 1933 488 1971 1³7.
750 1932 794 1951 ²⁴⁵
818 1932 1050 1972 praestantius
1071 1934 1106 1963 R.

129 2023 152 2056 3
172 1975 214 2056 ’ἶ
238 1975 353 2007 fulvus
371 1974 473 2006 rubra
489 1974 552 2007 111¹.
600 1974 706 2015 Iovis]
723 1985 800 2006 acer
816 1976 845 2006 P
858 1975 914 2016 (qs.
935 1985 1028 2006 sacer
1045 1975 1126 2014 ales,
1144 1984 1194 2007 Χι.
1211 1975 1296 2015 721).

159 2024 173 2054 l
