1399 2271
618 57 808 94 VIRGIL

124 146 261 183 robora
280 157 354 182 nec
374 145 507 181 cuneis
527 149 569 180 et
588 143 762 180 olentem
782 142 961 180 scindere
982 143 1143 180 cedrum

124 212 197 236 nec
218 199 400 248 plaustris
420 202 575 234 cessant
594 203 750 234 vectare
769 197 1020 245 gementibus
1039 209 1165 233 ornos.

177 253 229 289 Et
248 255 324 288 iam
346 252 463 288 Fama
483 251 630 297 volans,
648 253 749 287 tanti
771 253 1005 299 praenuntia
1023 250 1167 296 luctus,

125 306 354 343 Euandrum
374 305 627 354 Euandrique
646 304 782 341 domos
803 309 844 341 et
861 306 1017 340 moenia
1035 303 1178 353 replet,
1224 307 1294 340 140

124 373 224 410 quae
244 359 361 396 modo
379 362 566 396 victorem
590 358 702 394 Latio
726 357 899 395 Pallanta
918 357 1082 394 ferebat.

124 413 297 452 Arcades
316 412 366 449 ad
385 418 517 461 portas
537 425 650 448 ruere
671 416 712 448 et
731 411 781 447 de
799 423 907 448 more
927 416 1085 448 vetusto

124 467 306 504 funereas
325 479 489 516 rapuere
509 465 637 510 faces;
664 464 772 501 lucet
791 467 851 501 via
869 465 988 513 longo

124 521 260 557 ordine
279 520 519 556 flammarum
541 525 582 556 et
600 519 680 556 late
699 518 942 555 discriminat
959 531 1084 567 agros.

123 579 261 611 contra
277 574 393 611 turba
414 573 613 623 Phrygum
632 574 795 609 veniens
813 572 1044 623 plangentia
1062 573 1192 621 iungit
1223 576 1293 609 145

123 631 290 677 agmina.
338 640 438 677 quae
457 632 664 676 postquam
683 631 829 663 matres
847 625 1058 662 succedere
1073 628 1190 662 tectis

124 682 320 726 viderunt,
339 686 529 718 maestam
548 679 769 717 incendunt
788 679 1020 716 clamoribus
1039 680 1188 717 urbem.

124 740 165 772 at
184 748 263 772 non
283 734 512 771 Euandrum
532 737 633 783 potis
654 739 714 770 est
734 735 789 769 vis
809 733 888 769 ulla
907 738 1057 779 tenere,

125 788 192 826 sed
213 791 322 825 venit
340 791 381 825 in
401 788 561 824 medios.
617 787 764 824 feretro
787 786 962 823 Pallante
983 791 1139 836 reposto

124 843 332 891 procubuit
381 855 499 890 super
548 846 668 890 atque
717 840 856 877 haeret
905 840 1190 890 lacrimansque

229 908 485 944 gemensque,
1225 899 1296 931 150

126 955 167 987 et
186 952 247 985 via
266 952 329 985 vix
347 948 511 985 tandem
530 951 613 985 voci
633 948 763 984 laxata
782 947 915 984 dolore
936 952 1019 984 est:

127 1007 241 1039 “non
260 1002 370 1048 haec,
390 1015 412 1038 o
435 1002 552 1046 Palla,
573 1001 739 1038 dederas
756 1003 944 1050 promissa
963 1004 1130 1050 parenti,

125 1059 276 1093 cautius
296 1061 342 1093 ut
359 1068 475 1093 saevo
494 1055 615 1092 velles
635 1060 677 1091 te
697 1055 857 1091 credere
879 1055 1008 1091 Marti.

126 1110 230 1146 haud
250 1112 408 1159 ignarus
424 1122 542 1154 eram,
559 1113 750 1158 quantum
765 1121 866 1144 nova
879 1108 1003 1157 gloria
1021 1111 1061 1144 in
1077 1111 1192 1145 armis

126 1169 168 1201 et
186 1163 396 1213 praedulce
415 1163 535 1199 decus
554 1165 679 1211 primo
698 1164 912 1198 certamine
932 1167 1075 1211 posset.
1226 1165 1296 1199 155

126 1219 320 1266 primitiae
340 1219 491 1253 iuvenis
510 1218 675 1253 miserae
694 1215 868 1265 bellique
887 1218 1097 1265 propinqui

127 1271 223 1308 dura
241 1270 466 1307 rudimenta
485 1274 528 1306 et
546 1269 644 1305 nulli
665 1269 849 1306 exaudita
868 1268 1031 1305 deorum

126 1330 215 1360 vota
227 1336 442 1373 precesque
454 1336 566 1360 meae
582 1324 590 1360 l
608 1328 744 1372 tuque,
757 1335 779 1359 ο
791 1324 1034 1359 sanctissima
1046 1325 1228 1368 coniunx,

127 1378 219 1414 felix
240 1382 366 1413 morte
386 1382 454 1413 tua
473 1389 603 1426 neque
621 1379 663 1412 in
682 1376 787 1412 hunc
806 1381 957 1413 servata
977 1375 1174 1413 dolorem!

127 1436 263 1468 contra
282 1443 356 1480 ego
377 1430 544 1467 vivendo
562 1431 635 1466 vici
655 1442 743 1466 mea
762 1429 855 1475 fata,
874 1434 1073 1478 superstes
1228 1428 1299 1466 160

127 1490 316 1522 restarem
336 1489 380 1520 ut
399 1486 566 1533 genitor.
623 1483 770 1520 Troum
789 1485 891 1519 socia
910 1496 1016 1519 arma
1035 1488 1213 1520 secutum

127 1539 341 1575 obruerent
361 1537 496 1574 Rutuli
515 1536 629 1573 telis!
658 1539 828 1572 animam
849 1539 931 1585 ipse
951 1536 1148 1574 dedissem

127 1597 245 1641 atque
258 1591 356 1628 haec
369 1604 512 1640 pompa
524 1590 683 1626 domum
696 1603 772 1635 me,
786 1603 865 1626 non
880 1590 1056 1627 Pallanta
1069 1590 1237 1627 referret
1252 1592 1260 1627 !

128 1659 201 1683 nee
219 1658 286 1682 vos
304 1647 512 1693 arguerim,
533 1644 686 1690 Teucri,
706 1657 780 1680 nec
799 1643 959 1680 foedera
977 1656 1051 1681 nec
1071 1657 1166 1694 quas

172 1760 214 1779 1⁴⁰
237 1760 374 1801 conplet
390 1761 452 1792 M2.
628 1760 672 1781 ¹⁴⁵
695 1762 843 1802 jungunt
858 1762 904 1793 M.

172 1804 214 1822 ¹⁴⁹
236 1803 396 1834 Pallanta
411 1803 472 1835 Μ’.

172 1846 215 1865 ¹⁵¹
238 1847 330 1877 vocis
346 1847 418 1885 P7:
441 1857 540 1878 voces
556 1847 630 1879 Ml:
654 1847 727 1878 voci
744 1847 835 1878 M2R.

137 1933 146 1937 ‚
173 1889 215 1908 ²⁵²
237 1889 331 1921 Some
351 1889 449 1929 place
473 1900 496 1921 a
517 1888 638 1930 period
663 1889 753 1931 after
778 1889 936 1931 parentiz
968 1891 1102 1932 petenti
1128 1891 1244 1923 known
1270 1896 1301 1923 to

129 1931 272 1963 Servius.

172 1975 215 1994 ²⁶¹
238 1986 412 2017 arguerem
430 1976 469 2008 R.

132 2024 151 2051 ’Ξ
164 2025 177 2051 ἒ
188 2024 204 2053 ²-
