1399 2271
626 107 814 143 VIRGIL

131 206 200 228 nos
213 194 396 228 iuvenem
410 195 634 228 exanimum
650 198 692 229 et
703 192 759 228 nil
775 195 851 228 iam
865 194 1099 230 caelestibus
1114 194 1202 231 ullis

130 254 345 290 debentem
367 267 464 290 vano
484 257 622 290 maesti
644 257 876 290 comitamur
895 254 1054 292 honore.

129 315 276 361 infelix,
298 318 381 352 nati
401 315 517 352 funus
538 315 697 352 crudele
717 315 890 352 videbis!

128 377 168 414 hi
186 381 310 414 nostri
329 378 480 415 reditus
499 381 797 428 exspectatique
817 378 1039 428 triumphi?

127 439 223 476 haec
236 453 323 476 mea
336 453 478 488 inagna
491 439 614 477 fides?
633 445 675 477 at
687 453 779 486 non,
794 440 991 486 Euandre,
1006 441 1201 490 pudendis

126 501 349 538 volneribus
370 501 524 550 pulsum
544 504 722 551 aspicies,
742 514 815 538 nec
836 504 982 551 sospite
1003 501 1130 538 dirum

126 564 278 613 optabis
298 569 392 600 nato
412 563 529 600 funus
548 569 672 613 pater.
730 566 767 601 ei
785 563 894 609 mihi,
915 569 1108 613 quantum

125 625 362 675 praesidium
376 626 548 662 Ausonia
564 631 605 662 et
621 630 813 675 quantum
831 630 874 661 tu
890 625 1034 674 perdis,
1050 626 1135 663 Iule
1149 626 1158 662 Ξ
1173 624 1196 640 ”

178 688 291 724 Haec
312 688 378 724 ubi
397 687 569 733 deflevit,
590 688 676 724 tolli
695 687 917 724 miserabile
938 701 1077 738 corpus

124 753 304 799 imperat,
324 755 366 787 et
385 755 470 787 toto
488 750 613 787 lectos
633 763 681 787 ex
701 753 858 799 agmine
879 753 1004 787 mittit

123 812 230 849 mille
251 815 364 858 viros,
384 815 450 862 qui
470 826 696 862 supremum
717 816 957 850 comitentur
977 812 1167 850 honorem

122 876 386 923 intersintque
406 877 527 923 patris
546 874 726 920 lacrimis,
746 874 888 911 solacia
906 874 1036 912 luctus

121 938 264 985 exigua
281 939 471 985 ingentis,
488 939 631 972 misero
651 936 721 973 sed
741 936 876 972 debita
896 938 1007 985 patri.

121 997 226 1034 haud
246 1010 388 1046 segnes
408 997 474 1033 alii
494 1001 611 1034 cratis
631 1002 672 1034 et
691 997 810 1034 molle
830 997 1020 1034 feretrum

120 1060 292 1096 arbuteis
311 1065 456 1096 texunt
475 1062 593 1108 virgis
613 1064 656 1096 et
674 1061 820 1096 vimine
840 1072 990 1109 querno

120 1126 419 1171 exstructosque
439 1126 544 1157 toros
564 1122 733 1158 obtentu
753 1120 903 1157 frondis
923 1121 1160 1158 inumbrant.

119 1183 182 1220 hie
201 1186 385 1220 iuvenem
404 1186 551 1232 agresti
570 1183 779 1220 sublimem
799 1185 987 1220 stramine
1006 1189 1174 1232 ponunt,

118 1245 275 1295 qualem
295 1247 471 1294 virgineo
491 1244 716 1281 demessum
735 1244 878 1294 pollice
897 1244 1031 1281 florem

117 1320 185 1343 seu
206 1306 333 1343 mollis
354 1306 478 1343 violae
498 1319 566 1343 seu
587 1307 814 1356 languentis
835 1306 1051 1356 hyacinthi,

117 1372 178 1405 cui
190 1381 320 1418 neque
333 1368 463 1417 fulgor
474 1368 603 1405 adhuc
615 1382 689 1405 nec
703 1368 796 1405 dum
810 1381 878 1405 sua
890 1368 1015 1405 forma
1027 1372 1188 1406 recessit
1202 1382 1211 1414 3

115 1443 194 1466 non
213 1432 290 1465 iam
309 1435 437 1466 mater
455 1429 526 1466 alit
546 1429 664 1466 tellus
683 1432 852 1479 virisque
872 1432 1078 1467 ministrat.

115 1497 197 1528 tum
219 1494 397 1540 geminas
416 1494 535 1529 vestis
554 1504 727 1542 auroque
747 1496 931 1541 ostroque
951 1494 1117 1541 rigentis

115 1554 259 1591 extulit
279 1554 448 1599 Aeneas,
469 1567 564 1603 quas
584 1553 640 1589 illi
660 1553 764 1590 laeta
783 1553 960 1590 laborum

113 1618 196 1664 ipsa
215 1617 293 1651 suis
313 1615 511 1664 quondam
531 1616 710 1651 manibus
730 1614 890 1651 Sidonia
911 1614 1015 1651 Dido

112 1676 262 1713 fecerat
280 1681 323 1712 et
341 1679 453 1713 tenui
473 1676 573 1713 telas
593 1676 834 1713 discreverat
852 1689 956 1712 auro.

111 1738 250 1774 harum
269 1751 387 1774 unam
407 1741 539 1775 iuveni
559 1751 786 1787 supremum
805 1743 977 1775 maestus
998 1737 1186 1775 honorem

111 1799 241 1836 induit
260 1812 490 1849 arsurasque
510 1813 639 1836 comas
660 1800 827 1836 obnubit
845 1802 1004 1845 amictu,

111 1861 313 1910 multaque
334 1867 539 1909 praeterea
561 1861 769 1899 Laurentis
788 1864 961 1910 praemia
980 1853 1143 1910 pugnae

109 1927 272 1971 aggerat
292 1927 334 1958 et
353 1922 472 1970 longo
492 1922 678 1971 praedam
698 1922 810 1959 iubet
829 1921 966 1958 ordine
986 1921 1100 1966 duci;

364 2012 391 2030 δῦ
415 2011 533 2043 ordine
549 2013 616 2044 PB..
781 2011 809 2030 ⁷⁵
839 2025 867 2039 =
885 2012 1024 2061 “¹1264·

110 2059 183 2091 238

1255 447 1302 479 55

1250 751 1301 789 60

1247 1059 1296 1098 65

1245 1372 1293 1408 70

1241 1678 1288 1715 75
