1399 2271
638 41 828 80 VIRGIL

151 128 375 166 Privernum
388 128 525 179 Capys.
555 128 661 166 hunc
672 132 797 179 primo
810 129 906 166 levis
918 129 1029 166 hasta
1041 130 1259 168 Themillae

149 185 381 219 strinxerat:
410 182 476 219 ille
495 195 655 219 manum
675 186 849 232 proiecto
868 186 1045 232 tegmine
1065 184 1228 221 demens

148 236 196 273 ad
216 235 353 272 volnus
372 235 489 279 tulit;
517 248 611 285 ergo
630 236 700 272 alis
720 236 878 286 adlapsa
898 239 1041 285 sagitta

148 295 189 326 et
205 289 316 326 laevo
333 289 452 326 infixa
471 294 532 326 est
549 289 664 326 lateri
682 303 820 326 manus
838 290 1050 340 abditaque
1070 293 1175 328 intus

148 345 385 392 spiramenta
403 345 557 379 animae
575 342 685 379 letali
704 343 863 380 volnere
885 346 1000 392 rupit.
1242 349 1316 382 580

149 396 277 434 stabat
296 399 336 432 in
357 398 527 446 egregiis
547 396 732 433 Arcentis
752 396 852 433 filius
872 399 1001 443 armis,

147 453 276 499 pictus
295 462 366 486 acu
387 449 636 499 chlamydem
655 454 698 486 et
716 449 916 499 ferrugine
936 450 1061 487 clarus
1083 451 1246 497 Hibera,

147 505 309 552 insignis
328 502 440 548 facie,
461 505 618 552 genitor
636 516 754 553 quem
773 506 933 540 miserat
953 504 1115 550 Arcens,

147 557 334 593 eductum
353 559 487 593 matris
507 556 595 593 luco
614 556 842 606 Symaethia
860 559 1005 593 circum

146 610 317 655 flumina,
337 612 493 659 pinguis
512 611 579 646 ubi
599 615 640 646 et
660 609 859 658 placabilis
878 623 942 646 ara
964 610 1105 647 Palici:
1242 615 1315 648 585

146 663 381 700 stridentem
401 663 563 699 fundam
583 666 719 712 positis
742 663 963 700 Mezentius
983 663 1104 700 hastis

146 719 229 766 ipse
249 722 312 753 ter
329 716 501 753 adducta
519 719 665 752 circum
685 721 803 766 caput
823 719 905 765 egit
925 717 1087 753 habena*

147 776 188 806 et
206 769 337 806 media
355 769 508 806 adversi
527 769 741 819 liquefacto
759 775 937 819 tempora
957 770 1118 819 plumbo

146 823 288 860 diffidit
307 836 351 859 ac
370 822 495 860 multa
514 828 738 872 porrectum
758 823 940 860 extendit
960 823 1116 860 harena.

200 876 301 914 Tum
313 878 482 926 primum
494 876 599 913 bello
612 877 781 913 celerem
794 877 1011 913 intendisse
1024 880 1209 925 sagittam
1244 881 1318 920 590

147 930 303 975 dicitur,
322 934 416 966 ante
436 929 537 966 feras
556 929 693 966 solitus
713 935 861 967 terrere
881 930 1043 979 fugacis,

147 984 350 1029 Ascanius,
370 983 594 1033 fortemque
613 996 730 1020 manu
752 983 899 1020 fudisse
921 984 1159 1029 Numanum,

147 1039 208 1073 cui
230 1036 395 1073 Remulo
415 1049 635 1086 cognomen
655 1041 751 1081 erat,
772 1037 972 1086 Turnique
993 1040 1184 1073 minorem

146 1103 373 1139 germanam
393 1103 520 1139 nuper
538 1089 711 1126 thalamo
730 1093 898 1127 sociatus
918 1090 1098 1127 habebat.

147 1147 178 1179 is
193 1146 357 1193 primam
371 1148 464 1180 ante
479 1146 604 1180 aciem
619 1143 740 1192 digna
754 1149 874 1193 atque
889 1143 1052 1192 indigna
1068 1144 1190 1181 relatu
1246 1148 1318 1187 595

146 1197 362 1234 vociferans
382 1196 635 1246 tumidusque
654 1209 755 1232 novo
776 1197 1001 1246 praecordia
1021 1210 1142 1246 regno

146 1251 229 1287 ibat
247 1255 289 1287 et
307 1253 515 1299 ingentem
534 1263 619 1287 sese
640 1249 808 1287 clamore
828 1250 1004 1287 ferebat:

147 1307 263 1340 “non
282 1304 408 1352 pudet
427 1303 629 1340 obsidione
649 1306 793 1340 iterum
814 1303 993 1353 valloque
1013 1306 1154 1349 teneri,

146 1357 205 1393 bis
224 1360 329 1405 capti
351 1356 539 1406 Phryges,
560 1361 602 1393 et
620 1359 736 1393 morti
757 1357 1018 1405 praetendere
1038 1358 1194 1394 muros?

147 1423 197 1446 en
217 1413 283 1460 qui
303 1415 436 1446 nostra
455 1410 528 1446 sibi
548 1409 652 1446 bello
672 1410 838 1446 conubia
858 1411 1047 1459 poscunt!
1244 1409 1320 1447 600

145 1466 232 1513 quis
251 1463 349 1500 deus
371 1463 536 1508 Italiam,
558 1476 658 1512 quae
678 1476 745 1500 vos
765 1463 967 1500 dementia
985 1463 1149 1512 adegit?

145 1529 225 1553 non
245 1516 309 1553 hie
328 1516 493 1554 Atridae
513 1528 587 1553 nec
607 1516 716 1553 fandi
735 1517 846 1554 fictor
868 1517 1026 1554 Ulixes:

145 1570 288 1606 durum
306 1583 329 1606 a
348 1573 469 1619 stirpe
490 1582 615 1618 genus
634 1575 747 1606 natos
766 1570 815 1606 ad
835 1570 993 1606 flumina
1013 1573 1180 1619 primum

145 1623 358 1660 deferimus
377 1636 571 1673 saevoque
590 1623 683 1672 gelu
704 1623 888 1660 duramus
908 1629 950 1661 et
970 1624 1107 1668 undis;

146 1682 290 1713 venatu
311 1676 519 1725 invigilant
539 1679 650 1726 pueri
670 1676 863 1727 silvasque
884 1676 1065 1726 fatigant,
1245 1675 1319 1714 605

145 1730 305 1767 flectere
324 1730 439 1767 ludus
460 1743 581 1780 equos
602 1735 644 1768 et
663 1731 811 1780 spicula
830 1730 997 1768 tendere
1019 1743 1138 1767 cornu
1154 1743 1162 1774 ;

188 1798 232 1817 ⁶⁷⁹
255 1797 369 1829 adfixa
386 1799 446 1838 1³7,
466 1797 611 1830 Servius.

186 1840 232 1860 ⁶⁸⁴
253 1842 375 1872 matris
390 1854 421 1882 γ,
440 1841 651 1873 Μαενοῦίαε.
680 1839 806 1873 Martis
822 1842 953 1873 MPRb.
982 1842 1084 1874 matis
1100 1852 1125 1874 c.

188 1883 233 1903 ⁵⁸⁰
256 1884 379 1923 hastis]
395 1885 499 1915 armis
515 1884 591 1923 137².

186 1925 231 1945 ⁵⁹⁰
253 1930 363 1958 morte
379 1927 447 1959 211¹:
464 1927 571 1958 Marti
586 1936 673 1958 some
688 1926 831 1968 inferior
841 1928 954 1967 MSS„
966 1929 1122 1968 accepted
1135 1929 1176 1970 bg]
1188 1929 1316 1970 Hem-y.

146 1969 352 2009 protendere
367 1969 429 2002 31¹.
562 1970 607 1990 ⁶⁰¹
629 1971 745 2010 saevo]
761 1969 848 2001 duro
865 1971 924 2011 Py.

152 2016 224 2050 152
