1399 2271
619 65 809 103 VIRGIL

125 153 350 204 deperdunt
369 156 558 203 proprias,
577 152 681 190 color
702 158 763 190 est
782 165 805 190 e
824 152 1001 203 pluribus
1019 165 1134 200 unus,

124 237 198 260 nec
217 229 325 261 totus
345 223 491 269 viridis,
510 225 601 273 quia
619 222 748 260 lactea
766 222 891 259 frusta
909 228 1147 272 repugnant,
1227 227 1300 260 105

125 308 198 332 nec
217 294 268 332 de
286 294 391 332 lacte
409 297 555 340 nitens,
577 296 668 344 quia
685 298 748 330 tot
766 296 938 330 variatur
955 294 1004 330 ab
1023 293 1167 332 herbis.

124 378 241 415 saepe
261 368 332 401 viri
350 367 454 401 naris
473 377 563 401 acer
581 363 773 401 iaculatur
792 369 948 413 apertas

123 439 283 486 spiritus
303 440 345 472 et
363 438 461 472 simo
480 434 643 471 damnat
661 447 730 471 sua
748 434 913 483 prandia
932 434 1055 481 voltu,

124 520 241 556 saepe
260 520 378 543 manu
398 518 549 542 summa
568 505 812 542 lacrimantia
832 505 981 541 lumina
1000 510 1135 555 terget

125 580 401 627 immeritoque
420 576 556 613 furens
575 575 673 612 dicit
692 577 866 611 convicia
886 575 1004 611 fumo.
1228 581 1302 613 110

180 647 424 684 Procedebat
443 659 562 695 opus:
590 658 670 682 non
690 648 767 682 iam
787 645 1019 691 salebrosus,
1041 651 1086 682 ut
1105 651 1212 692 ante,

125 719 194 756 sed
215 721 367 768 gravior
386 717 516 754 lentos
535 717 619 753 ibat
638 716 808 765 pistillus
828 719 867 752 in
889 716 1002 752 orbis.

125 802 219 839 ergo
241 787 402 824 Palladii
423 792 557 836 guttas
576 785 744 822 instillat
763 786 853 822 olivi

126 863 338 910 exiguique
358 871 475 908 super
494 860 595 894 vires
615 856 792 893 infundit
811 858 913 893 aceti

125 937 244 981 atque
256 934 400 967 iterum
414 931 642 965 commiscet
654 940 750 977 opus
762 930 1009 976 mixtumque
1022 932 1245 965 retractat.l
1256 933 1272 964 1
1282 933 1302 965 5

125 1008 210 1039 tum
227 1001 387 1038 demum
407 999 542 1048 digitis
561 1000 746 1034 mortaria
764 1002 849 1034 tota
869 997 1021 1034 duobus

126 1075 265 1108 circuit
284 1074 403 1120 inque
425 1069 586 1119 globum
605 1067 793 1104 distantia
813 1067 1012 1105 contrahit
1032 1081 1168 1115 unum,

126 1146 283 1179 constet
302 1145 347 1177 ut
367 1139 497 1176 effecti
517 1140 668 1187 species
687 1149 913 1187 nomenque
933 1140 1085 1174 moreti.

180 1212 295 1248 Eruit
313 1213 465 1246 interea
486 1207 652 1258 Scybale
673 1219 830 1256 quoque
849 1205 986 1243 sedula
1005 1219 1162 1256 panem,

126 1295 243 1333 quem
263 1281 390 1317 laetus
410 1281 549 1328 recipit
569 1278 762 1322 manibus,
783 1276 974 1326 pulsoque
995 1279 1134 1314 timore
1231 1282 1303 1315 120

126 1356 202 1389 iam
222 1351 335 1388 famis
356 1353 474 1399 inque
495 1348 601 1385 diem
622 1360 782 1384 securus
803 1346 973 1396 Simylus
993 1347 1115 1393 illam,

125 1424 250 1460 ambit
268 1434 380 1459 crura
399 1422 522 1456 ocreis
543 1419 711 1468 paribus,
732 1423 943 1467 tectusque
963 1417 1097 1467 galero

126 1495 197 1531 sub
216 1496 307 1542 iuga
325 1494 500 1542 parentis
520 1493 626 1539 cogit
645 1489 769 1526 lorata
788 1491 985 1534 iuvencos,

126 1571 245 1615 atque
265 1566 348 1612 agit
366 1565 407 1598 in
427 1566 584 1611 segetes
605 1565 645 1596 et
666 1565 794 1596 terrae
815 1558 951 1596 condit
969 1564 1150 1598 aratrum.

213 1668 255 1687 ¹0⁵
279 1667 420 1698 frustra.
691 1663 734 1682 ¹⁰⁹
759 1662 865 1703 tergit
882 1662 1017 1693 [fimi.

213 1711 255 1730 ¹²¹
279 1720 346 1740 non
363 1708 440 1740 SL:
462 1718 535 1739 nec.
688 1706 732 1725 ¹¹²
755 1705 870 1736 lentus
887 1705 988 1738 PSL.
1037 1704 1152 1736 orbem
1170 1706 1255 1738 th.

213 1753 256 1773 2²0
278 1752 405 1792 laetus]
421 1751 501 1782 lotis
519 1750 560 1782 [ι.
690 1748 732 1768 ¹²²
755 1748 829 1780 abit
847 1748 887 1780 P.

125 2021 201 2060 460
