<?xml version="1.0" encoding="UTF-8"?>
<!DOCTYPE html PUBLIC "-//W3C//DTD XHTML 1.0 Transitional//EN"
    "http://www.w3.org/TR/xhtml1/DTD/xhtml1-transitional.dtd">
<html xmlns="http://www.w3.org/1999/xhtml" xml:lang="en" lang="en">
 <head>
  <title>
</title>
<meta http-equiv="Content-Type" content="text/html;charset=utf-8" />
  <meta name='ocr-system' content='tesseract 3.04.00' />
  <meta name='ocr-capabilities' content='ocr_page ocr_carea ocr_par ocr_line ocrx_word'/>
</head>
<body>
  <div class='ocr_page' id='page_1' title='image "./virgilwithenglis02virg_0074.png"; bbox 0 0 1399 2271; ppageno 0'>
   <div class='ocr_carea' id='block_1_1' title="bbox 629 115 821 153">
    <p class='ocr_par' dir='ltr' id='par_1_1' title="bbox 629 115 821 153">
     <span class='ocr_line' id='line_1_1' title="bbox 629 115 821 153; baseline 0.01 -2"><span class='ocrx_word' id='word_1_1' title='bbox 629 115 821 153; x_wconf 89' lang='lat' dir='ltr'>VIRGIL</span> 
     </span>
    </p>
   </div>
   <div class='ocr_carea' id='block_1_2' title="bbox 136 201 1314 1908">
    <p class='ocr_par' dir='ltr' id='par_1_2' title="bbox 137 201 1115 252">
     <span class='ocr_line' id='line_1_2' title="bbox 137 201 1115 252; baseline 0 -14"><span class='ocrx_word' id='word_1_2' title='bbox 137 204 237 239; x_wconf 84' lang='lat' dir='ltr'><strong>sicut</strong></span> <span class='ocrx_word' id='word_1_3' title='bbox 255 215 379 252; x_wconf 84' lang='lat' dir='ltr'><strong>aquae</strong></span> <span class='ocrx_word' id='word_1_4' title='bbox 399 201 611 239; x_wconf 81' lang='lat' dir='ltr'><strong>tremulum</strong></span> <span class='ocrx_word' id='word_1_5' title='bbox 632 202 748 239; x_wconf 90' lang='lat' dir='ltr'><strong>labris</strong></span> <span class='ocrx_word' id='word_1_6' title='bbox 767 202 833 239; x_wconf 92' lang='lat' dir='ltr'><strong>ubi</strong></span> <span class='ocrx_word' id='word_1_7' title='bbox 853 201 986 239; x_wconf 85' lang='lat' dir='ltr'><strong>lumen</strong></span> <span class='ocrx_word' id='word_1_8' title='bbox 1007 204 1115 239; x_wconf 78' lang='lat' dir='ltr'><strong>aenis</strong></span> 
     </span>
    </p>

    <p class='ocr_par' dir='ltr' id='par_1_3' title="bbox 137 255 1129 305">
     <span class='ocr_line' id='line_1_3' title="bbox 137 255 1129 305; baseline 0.002 -14"><span class='ocrx_word' id='word_1_9' title='bbox 137 255 217 292; x_wconf 91' lang='lat' dir='ltr'><strong>sole</strong></span> <span class='ocrx_word' id='word_1_10' title='bbox 237 268 507 305; x_wconf 79' lang='lat' dir='ltr'><strong>repercussum</strong></span> <span class='ocrx_word' id='word_1_11' title='bbox 527 261 597 293; x_wconf 80' lang='lat' dir='ltr'><strong>aut</strong></span> <span class='ocrx_word' id='word_1_12' title='bbox 615 255 802 292; x_wconf 80' lang='lat' dir='ltr'><strong>radiantis</strong></span> <span class='ocrx_word' id='word_1_13' title='bbox 821 258 992 305; x_wconf 81' lang='lat' dir='ltr'>imagine</span> <span class='ocrx_word' id='word_1_14' title='bbox 1014 255 1129 293; x_wconf 85' lang='lat' dir='ltr'><strong>lunae</strong></span> 
     </span>
    </p>

    <p class='ocr_par' dir='ltr' id='par_1_4' title="bbox 137 308 1095 359">
     <span class='ocr_line' id='line_1_4' title="bbox 137 308 1095 359; baseline 0.001 -15"><span class='ocrx_word' id='word_1_15' title='bbox 137 311 266 344; x_wconf 86' lang='lat' dir='ltr'><strong>omnia</strong></span> <span class='ocrx_word' id='word_1_16' title='bbox 286 309 497 358; x_wconf 80' lang='lat' dir='ltr'><strong>pervolitat</strong></span> <span class='ocrx_word' id='word_1_17' title='bbox 515 308 596 346; x_wconf 82' lang='lat' dir='ltr'><strong>late</strong></span> <span class='ocrx_word' id='word_1_18' title='bbox 616 309 699 346; x_wconf 82' lang='lat' dir='ltr'><strong>loca</strong></span> <span class='ocrx_word' id='word_1_19' title='bbox 718 311 874 359; x_wconf 85' lang='lat' dir='ltr'><strong>iamque</strong></span> <span class='ocrx_word' id='word_1_20' title='bbox 893 310 965 345; x_wconf 86' lang='lat' dir='ltr'><strong>sub</strong></span> <span class='ocrx_word' id='word_1_21' title='bbox 984 322 1095 346; x_wconf 80' lang='lat' dir='ltr'><strong>auras</strong></span> 
     </span>
    </p>

    <p class='ocr_par' dir='ltr' id='par_1_5' title="bbox 138 361 1309 464">
     <span class='ocr_line' id='line_1_5' title="bbox 138 361 1309 412; baseline 0 -14"><span class='ocrx_word' id='word_1_22' title='bbox 138 365 301 409; x_wconf 67' lang='lat' dir='ltr'><strong>erigitur</strong></span> <span class='ocrx_word' id='word_1_23' title='bbox 320 365 539 412; x_wconf 82' lang='lat' dir='ltr'>summique</span> <span class='ocrx_word' id='word_1_24' title='bbox 559 361 651 399; x_wconf 88' lang='lat' dir='ltr'><strong>ferit</strong></span> <span class='ocrx_word' id='word_1_25' title='bbox 669 362 866 412; x_wconf 82' lang='lat' dir='ltr'><strong>laquearia</strong></span> <span class='ocrx_word' id='word_1_26' title='bbox 884 365 993 399; x_wconf 81' lang='lat' dir='ltr'><strong>tecti.</strong></span> <span class='ocrx_word' id='word_1_27' title='bbox 1261 366 1309 399; x_wconf 76' lang='lat'><strong>25</strong></span> 
     </span>
     <span class='ocr_line' id='line_1_6' title="bbox 193 416 1140 464; baseline 0.002 -13"><span class='ocrx_word' id='word_1_28' title='bbox 193 416 225 451; x_wconf 92' lang='lat' dir='ltr'>N</span> <span class='ocrx_word' id='word_1_29' title='bbox 231 429 278 452; x_wconf 79' lang='lat' dir='ltr'><strong>ox</strong></span> <span class='ocrx_word' id='word_1_30' title='bbox 299 421 384 453; x_wconf 85' lang='lat' dir='ltr'><strong>erat</strong></span> <span class='ocrx_word' id='word_1_31' title='bbox 403 421 445 453; x_wconf 83' lang='lat' dir='ltr'><strong>et</strong></span> <span class='ocrx_word' id='word_1_32' title='bbox 465 422 586 453; x_wconf 85' lang='lat' dir='ltr'><strong>terras</strong></span> <span class='ocrx_word' id='word_1_33' title='bbox 605 416 787 452; x_wconf 85' lang='lat' dir='ltr'><strong>animalia</strong></span> <span class='ocrx_word' id='word_1_34' title='bbox 806 416 906 452; x_wconf 80' lang='lat' dir='ltr'><strong>fessa</strong></span> <span class='ocrx_word' id='word_1_35' title='bbox 927 429 996 464; x_wconf 89' lang='lat' dir='ltr'><strong>per</strong></span> <span class='ocrx_word' id='word_1_36' title='bbox 1014 418 1140 453; x_wconf 81' lang='lat' dir='ltr'><strong>omnis</strong></span> 
     </span>
    </p>

    <p class='ocr_par' dir='ltr' id='par_1_6' title="bbox 137 469 1203 519">
     <span class='ocr_line' id='line_1_7' title="bbox 137 469 1203 519; baseline 0.001 -14"><span class='ocrx_word' id='word_1_37' title='bbox 137 469 302 506; x_wconf 80' lang='lat' dir='ltr'><strong>alituum</strong></span> <span class='ocrx_word' id='word_1_38' title='bbox 323 469 598 519; x_wconf 83' lang='lat' dir='ltr'><strong>pecudumque</strong></span> <span class='ocrx_word' id='word_1_39' title='bbox 618 482 744 518; x_wconf 84' lang='lat' dir='ltr'><strong>genus</strong></span> <span class='ocrx_word' id='word_1_40' title='bbox 763 482 876 518; x_wconf 86' lang='lat' dir='ltr'><strong>sopor</strong></span> <span class='ocrx_word' id='word_1_41' title='bbox 895 469 997 506; x_wconf 83' lang='lat' dir='ltr'><strong>altus</strong></span> <span class='ocrx_word' id='word_1_42' title='bbox 1018 469 1203 516; x_wconf 80' lang='lat' dir='ltr'><strong>habebat,</strong></span> 
     </span>
    </p>

    <p class='ocr_par' dir='ltr' id='par_1_7' title="bbox 138 522 1113 573">
     <span class='ocr_line' id='line_1_8' title="bbox 138 522 1113 573; baseline 0.001 -14"><span class='ocrx_word' id='word_1_43' title='bbox 138 536 226 559; x_wconf 90' lang='lat' dir='ltr'><strong>cum</strong></span> <span class='ocrx_word' id='word_1_44' title='bbox 246 528 359 572; x_wconf 84' lang='lat' dir='ltr'><strong>pater</strong></span> <span class='ocrx_word' id='word_1_45' title='bbox 377 526 417 559; x_wconf 91' lang='lat' dir='ltr'><strong>in</strong></span> <span class='ocrx_word' id='word_1_46' title='bbox 437 525 520 572; x_wconf 88' lang='lat' dir='ltr'><strong>ripa</strong></span> <span class='ocrx_word' id='word_1_47' title='bbox 540 523 739 573; x_wconf 82' lang='lat' dir='ltr'><strong>gelidique</strong></span> <span class='ocrx_word' id='word_1_48' title='bbox 759 523 831 559; x_wconf 90' lang='lat' dir='ltr'><strong>sub</strong></span> <span class='ocrx_word' id='word_1_49' title='bbox 850 522 1022 560; x_wconf 82' lang='lat' dir='ltr'><strong>aetheris</strong></span> <span class='ocrx_word' id='word_1_50' title='bbox 1041 536 1113 560; x_wconf 83' lang='lat' dir='ltr'><strong>axe</strong></span> 
     </span>
    </p>

    <p class='ocr_par' dir='ltr' id='par_1_8' title="bbox 138 575 943 625">
     <span class='ocr_line' id='line_1_9' title="bbox 138 575 943 625; baseline -0.001 -12"><span class='ocrx_word' id='word_1_51' title='bbox 138 576 306 622; x_wconf 85' lang='lat' dir='ltr'><strong>Aeneas,</strong></span> <span class='ocrx_word' id='word_1_52' title='bbox 326 579 429 613; x_wconf 87' lang='lat' dir='ltr'><strong>tristi</strong></span> <span class='ocrx_word' id='word_1_53' title='bbox 450 577 628 613; x_wconf 85' lang='lat' dir='ltr'><strong>turbatus</strong></span> <span class='ocrx_word' id='word_1_54' title='bbox 648 581 807 625; x_wconf 79' lang='lat' dir='ltr'><strong>pectora</strong></span> <span class='ocrx_word' id='word_1_55' title='bbox 825 575 943 621; x_wconf 91' lang='lat' dir='ltr'><strong>bello,</strong></span> 
     </span>
    </p>

    <p class='ocr_par' dir='ltr' id='par_1_9' title="bbox 138 630 1310 679">
     <span class='ocr_line' id='line_1_10' title="bbox 138 630 1310 679; baseline 0.001 -13"><span class='ocrx_word' id='word_1_56' title='bbox 138 630 345 678; x_wconf 81' lang='lat' dir='ltr'><strong>procubuit</strong></span> <span class='ocrx_word' id='word_1_57' title='bbox 364 643 568 679; x_wconf 89' lang='lat' dir='ltr'><strong>seramque</strong></span> <span class='ocrx_word' id='word_1_58' title='bbox 588 630 701 666; x_wconf 82' lang='lat' dir='ltr'><strong>dedit</strong></span> <span class='ocrx_word' id='word_1_59' title='bbox 720 643 790 678; x_wconf 91' lang='lat' dir='ltr'><strong>per</strong></span> <span class='ocrx_word' id='word_1_60' title='bbox 808 630 984 666; x_wconf 81' lang='lat' dir='ltr'><strong>membra</strong></span> <span class='ocrx_word' id='word_1_61' title='bbox 1003 632 1191 679; x_wconf 86' lang='lat' dir='ltr'><strong>quietem.</strong></span> <span class='ocrx_word' id='word_1_62' title='bbox 1262 634 1310 667; x_wconf 82' lang='lat'><strong>30</strong></span> 
     </span>
    </p>

    <p class='ocr_par' dir='ltr' id='par_1_10' title="bbox 138 683 1084 732">
     <span class='ocr_line' id='line_1_11' title="bbox 138 683 1084 732; baseline 0 -13"><span class='ocrx_word' id='word_1_63' title='bbox 138 683 228 720; x_wconf 91' lang='lat' dir='ltr'><strong>huic</strong></span> <span class='ocrx_word' id='word_1_64' title='bbox 247 683 344 720; x_wconf 90' lang='lat' dir='ltr'><strong>deus</strong></span> <span class='ocrx_word' id='word_1_65' title='bbox 363 686 446 732; x_wconf 89' lang='lat' dir='ltr'><strong>ipse</strong></span> <span class='ocrx_word' id='word_1_66' title='bbox 466 683 541 719; x_wconf 89' lang='lat' dir='ltr'><strong>loci</strong></span> <span class='ocrx_word' id='word_1_67' title='bbox 560 683 674 720; x_wconf 83' lang='lat' dir='ltr'><strong>fluvio</strong></span> <span class='ocrx_word' id='word_1_68' title='bbox 694 683 901 720; x_wconf 84' lang='lat' dir='ltr'><strong>Tiberinus</strong></span> <span class='ocrx_word' id='word_1_69' title='bbox 920 696 1084 719; x_wconf 85' lang='lat' dir='ltr'><strong>amoeno</strong></span> 
     </span>
    </p>

    <p class='ocr_par' dir='ltr' id='par_1_11' title="bbox 138 736 1036 786">
     <span class='ocr_line' id='line_1_12' title="bbox 138 736 1036 786; baseline -0.001 -13"><span class='ocrx_word' id='word_1_70' title='bbox 138 736 324 786; x_wconf 87' lang='lat' dir='ltr'><strong>populeas</strong></span> <span class='ocrx_word' id='word_1_71' title='bbox 342 739 447 773; x_wconf 91' lang='lat' dir='ltr'><strong>inter</strong></span> <span class='ocrx_word' id='word_1_72' title='bbox 465 739 595 774; x_wconf 87' lang='lat' dir='ltr'><strong>senior</strong></span> <span class='ocrx_word' id='word_1_73' title='bbox 612 749 653 773; x_wconf 91' lang='lat' dir='ltr'><strong>se</strong></span> <span class='ocrx_word' id='word_1_74' title='bbox 672 736 856 773; x_wconf 74' lang='lat' dir='ltr'><strong>attollere</strong></span> <span class='ocrx_word' id='word_1_75' title='bbox 876 736 1036 773; x_wconf 86' lang='lat' dir='ltr'><strong>frondes</strong></span> 
     </span>
    </p>

    <p class='ocr_par' dir='ltr' id='par_1_12' title="bbox 138 789 1015 841">
     <span class='ocr_line' id='line_1_13' title="bbox 138 789 1015 841; baseline -0.001 -14"><span class='ocrx_word' id='word_1_76' title='bbox 138 792 240 827; x_wconf 86' lang='lat' dir='ltr'><strong>visus</strong></span> <span class='ocrx_word' id='word_1_77' title='bbox 260 789 368 841; x_wconf 89' lang='lat' dir='ltr'><strong>(eum</strong></span> <span class='ocrx_word' id='word_1_78' title='bbox 390 793 518 827; x_wconf 84' lang='lat' dir='ltr'><strong>tenuis</strong></span> <span class='ocrx_word' id='word_1_79' title='bbox 538 789 678 839; x_wconf 80' lang='lat' dir='ltr'><strong>glauco</strong></span> <span class='ocrx_word' id='word_1_80' title='bbox 696 790 853 827; x_wconf 85' lang='lat' dir='ltr'><strong>velabat</strong></span> <span class='ocrx_word' id='word_1_81' title='bbox 872 792 1015 826; x_wconf 78' lang='lat' dir='ltr'><strong>amictu</strong></span> 
     </span>
    </p>

    <p class='ocr_par' dir='ltr' id='par_1_13' title="bbox 138 842 1125 894">
     <span class='ocr_line' id='line_1_14' title="bbox 138 842 1125 894; baseline 0 -14"><span class='ocrx_word' id='word_1_82' title='bbox 138 844 317 880; x_wconf 79' lang='lat' dir='ltr'><strong>carbasus</strong></span> <span class='ocrx_word' id='word_1_83' title='bbox 337 848 379 880; x_wconf 87' lang='lat' dir='ltr'><strong>et</strong></span> <span class='ocrx_word' id='word_1_84' title='bbox 398 846 513 880; x_wconf 88' lang='lat' dir='ltr'><strong>crinis</strong></span> <span class='ocrx_word' id='word_1_85' title='bbox 533 844 713 880; x_wconf 85' lang='lat' dir='ltr'><strong>umbrosa</strong></span> <span class='ocrx_word' id='word_1_86' title='bbox 732 844 898 892; x_wconf 85' lang='lat' dir='ltr'><strong>tegebat</strong></span> <span class='ocrx_word' id='word_1_87' title='bbox 916 842 1125 894; x_wconf 81' lang='lat' dir='ltr'><strong>harundo),</strong></span> 
     </span>
    </p>

    <p class='ocr_par' dir='ltr' id='par_1_14' title="bbox 140 896 1310 1000">
     <span class='ocr_line' id='line_1_15' title="bbox 140 896 1310 934; baseline 0.001 -1"><span class='ocrx_word' id='word_1_88' title='bbox 140 903 222 934; x_wconf 89' lang='lat' dir='ltr'><strong>tum</strong></span> <span class='ocrx_word' id='word_1_89' title='bbox 243 900 296 933; x_wconf 90' lang='lat' dir='ltr'><strong>sic</strong></span> <span class='ocrx_word' id='word_1_90' title='bbox 315 897 439 934; x_wconf 83' lang='lat' dir='ltr'><strong>adfari</strong></span> <span class='ocrx_word' id='word_1_91' title='bbox 459 902 501 934; x_wconf 86' lang='lat' dir='ltr'><strong>et</strong></span> <span class='ocrx_word' id='word_1_92' title='bbox 520 910 629 933; x_wconf 84' lang='lat' dir='ltr'><strong>curas</strong></span> <span class='ocrx_word' id='word_1_93' title='bbox 650 896 709 932; x_wconf 87' lang='lat' dir='ltr'><strong>his</strong></span> <span class='ocrx_word' id='word_1_94' title='bbox 729 897 889 933; x_wconf 86' lang='lat' dir='ltr'><strong>demere</strong></span> <span class='ocrx_word' id='word_1_95' title='bbox 909 897 1048 933; x_wconf 83' lang='lat' dir='ltr'><strong>dictis:</strong></span> <span class='ocrx_word' id='word_1_96' title='bbox 1263 901 1310 934; x_wconf 66' lang='grc'><strong>30</strong></span> 
     </span>
     <span class='ocr_line' id='line_1_16' title="bbox 190 950 1259 1000; baseline 0 -13"><span class='ocrx_word' id='word_1_97' title='bbox 190 954 214 973; x_wconf 88' lang='grc'><strong>“</strong></span> <span class='ocrx_word' id='word_1_98' title='bbox 227 951 263 987; x_wconf 92' lang='grc' dir='ltr'>Ο</span> <span class='ocrx_word' id='word_1_99' title='bbox 277 956 360 987; x_wconf 85' lang='lat' dir='ltr'><strong>sate</strong></span> <span class='ocrx_word' id='word_1_100' title='bbox 372 956 495 1000; x_wconf 88' lang='lat' dir='ltr'><strong>gente</strong></span> <span class='ocrx_word' id='word_1_101' title='bbox 507 950 640 995; x_wconf 88' lang='lat' dir='ltr'><strong>deum,</strong></span> <span class='ocrx_word' id='word_1_102' title='bbox 652 950 858 986; x_wconf 85' lang='lat' dir='ltr'><strong>Troianam</strong></span> <span class='ocrx_word' id='word_1_103' title='bbox 872 963 919 986; x_wconf 85' lang='lat' dir='ltr'><strong>ex</strong></span> <span class='ocrx_word' id='word_1_104' title='bbox 933 950 1109 987; x_wconf 75' lang='lat' dir='ltr'><strong>hostibus</strong></span> <span class='ocrx_word' id='word_1_105' title='bbox 1123 951 1259 988; x_wconf 90' lang='lat' dir='ltr'><strong>urbem</strong></span> 
     </span>
    </p>

    <p class='ocr_par' dir='ltr' id='par_1_15' title="bbox 138 1003 1137 1054">
     <span class='ocr_line' id='line_1_17' title="bbox 138 1003 1137 1054; baseline 0.001 -14"><span class='ocrx_word' id='word_1_106' title='bbox 138 1006 204 1054; x_wconf 90' lang='lat' dir='ltr'><strong>qui</strong></span> <span class='ocrx_word' id='word_1_107' title='bbox 223 1004 377 1041; x_wconf 86' lang='lat' dir='ltr'><strong>revehis</strong></span> <span class='ocrx_word' id='word_1_108' title='bbox 397 1005 508 1040; x_wconf 89' lang='lat' dir='ltr'><strong>nobis</strong></span> <span class='ocrx_word' id='word_1_109' title='bbox 527 1009 767 1053; x_wconf 85' lang='lat' dir='ltr'><strong>aeternaque</strong></span> <span class='ocrx_word' id='word_1_110' title='bbox 790 1003 978 1052; x_wconf 80' lang='lat' dir='ltr'><strong>Pergama</strong></span> <span class='ocrx_word' id='word_1_111' title='bbox 997 1017 1137 1051; x_wconf 85' lang='lat' dir='ltr'><strong>servas,</strong></span> 
     </span>
    </p>

    <p class='ocr_par' dir='ltr' id='par_1_16' title="bbox 138 1057 1057 1107">
     <span class='ocr_line' id='line_1_18' title="bbox 138 1057 1057 1107; baseline 0 -13"><span class='ocrx_word' id='word_1_112' title='bbox 138 1063 366 1107; x_wconf 84' lang='lat' dir='ltr'><strong>exspectate</strong></span> <span class='ocrx_word' id='word_1_113' title='bbox 386 1057 467 1094; x_wconf 92' lang='lat' dir='ltr'><strong>solo</strong></span> <span class='ocrx_word' id='word_1_114' title='bbox 488 1057 677 1094; x_wconf 86' lang='lat' dir='ltr'><strong>Laurenti</strong></span> <span class='ocrx_word' id='word_1_115' title='bbox 695 1059 873 1107; x_wconf 86' lang='lat' dir='ltr'><strong>arvisque</strong></span> <span class='ocrx_word' id='word_1_116' title='bbox 895 1057 1057 1103; x_wconf 81' lang='lat' dir='ltr'><strong>Latinis,</strong></span> 
     </span>
    </p>

    <p class='ocr_par' dir='ltr' id='par_1_17' title="bbox 139 1109 1194 1162">
     <span class='ocr_line' id='line_1_19' title="bbox 139 1109 1194 1162; baseline 0.001 -15"><span class='ocrx_word' id='word_1_117' title='bbox 139 1111 200 1147; x_wconf 88' lang='lat' dir='ltr'><strong>hic</strong></span> <span class='ocrx_word' id='word_1_118' title='bbox 220 1112 291 1148; x_wconf 89' lang='lat' dir='ltr'><strong>tibi</strong></span> <span class='ocrx_word' id='word_1_119' title='bbox 313 1116 420 1148; x_wconf 84' lang='lat' dir='ltr'><strong>certa</strong></span> <span class='ocrx_word' id='word_1_120' title='bbox 440 1111 592 1157; x_wconf 87' lang='lat' dir='ltr'><strong>domus,</strong></span> <span class='ocrx_word' id='word_1_121' title='bbox 611 1113 709 1148; x_wconf 81' lang='lat' dir='ltr'><strong>certi</strong></span> <span class='ocrx_word' id='word_1_122' title='bbox 728 1109 796 1162; x_wconf 87' lang='lat' dir='ltr'><strong>(ne</strong></span> <span class='ocrx_word' id='word_1_123' title='bbox 816 1110 980 1161; x_wconf 88' lang='lat' dir='ltr'><strong>absiste)</strong></span> <span class='ocrx_word' id='word_1_124' title='bbox 1003 1111 1194 1156; x_wconf 76' lang='lat' dir='ltr'><strong>Penates3</strong></span> 
     </span>
    </p>

    <p class='ocr_par' dir='ltr' id='par_1_18' title="bbox 140 1164 1311 1209">
     <span class='ocr_line' id='line_1_20' title="bbox 140 1164 1311 1209; baseline 0.001 -9"><span class='ocrx_word' id='word_1_125' title='bbox 140 1178 213 1201; x_wconf 84' lang='lat' dir='ltr'><strong>neu</strong></span> <span class='ocrx_word' id='word_1_126' title='bbox 237 1164 330 1201; x_wconf 91' lang='lat' dir='ltr'><strong>belli</strong></span> <span class='ocrx_word' id='word_1_127' title='bbox 349 1169 496 1201; x_wconf 85' lang='lat' dir='ltr'><strong>terrere</strong></span> <span class='ocrx_word' id='word_1_128' title='bbox 515 1167 654 1209; x_wconf 90' lang='lat' dir='ltr'><strong>minis;</strong></span> <span class='ocrx_word' id='word_1_129' title='bbox 683 1169 815 1201; x_wconf 87' lang='lat' dir='ltr'><strong>tumor</strong></span> <span class='ocrx_word' id='word_1_130' title='bbox 829 1166 955 1201; x_wconf 88' lang='lat' dir='ltr'><strong>omnis</strong></span> <span class='ocrx_word' id='word_1_131' title='bbox 972 1169 1012 1202; x_wconf 81' lang='lat' dir='ltr'><strong>ct</strong></span> <span class='ocrx_word' id='word_1_132' title='bbox 1029 1167 1107 1202; x_wconf 86' lang='lat' dir='ltr'><strong>irae</strong></span> <span class='ocrx_word' id='word_1_133' title='bbox 1234 1177 1311 1201; x_wconf 80' lang='lat' dir='ltr'><strong>MPR</strong></span> 
     </span>
    </p>

    <p class='ocr_par' dir='ltr' id='par_1_19' title="bbox 138 1218 1307 1255">
     <span class='ocr_line' id='line_1_21' title="bbox 138 1218 1307 1255; baseline 0 -1"><span class='ocrx_word' id='word_1_134' title='bbox 138 1231 365 1255; x_wconf 87' lang='lat' dir='ltr'><strong>concessere</strong></span> <span class='ocrx_word' id='word_1_135' title='bbox 385 1218 514 1254; x_wconf 88' lang='lat' dir='ltr'><strong>deum.</strong></span> <span class='ocrx_word' id='word_1_136' title='bbox 1264 1223 1307 1254; x_wconf 89' lang='lat'><strong>41</strong></span> 
     </span>
    </p>

    <p class='ocr_par' dir='ltr' id='par_1_20' title="bbox 138 1270 1223 1321">
     <span class='ocr_line' id='line_1_22' title="bbox 138 1270 1223 1321; baseline 0 -13"><span class='ocrx_word' id='word_1_137' title='bbox 138 1274 293 1321; x_wconf 84' lang='lat' dir='ltr'><strong>iamque</strong></span> <span class='ocrx_word' id='word_1_138' title='bbox 312 1272 398 1317; x_wconf 86' lang='lat' dir='ltr'><strong>tibi,</strong></span> <span class='ocrx_word' id='word_1_139' title='bbox 418 1284 468 1308; x_wconf 91' lang='lat' dir='ltr'><strong>ne</strong></span> <span class='ocrx_word' id='word_1_140' title='bbox 489 1284 587 1307; x_wconf 84' lang='lat' dir='ltr'><strong>vana</strong></span> <span class='ocrx_word' id='word_1_141' title='bbox 605 1275 721 1320; x_wconf 89' lang='lat' dir='ltr'><strong>putes</strong></span> <span class='ocrx_word' id='word_1_142' title='bbox 742 1270 839 1307; x_wconf 89' lang='lat' dir='ltr'><strong>haec</strong></span> <span class='ocrx_word' id='word_1_143' title='bbox 860 1270 1008 1319; x_wconf 80' lang='lat' dir='ltr'><strong>fingere</strong></span> <span class='ocrx_word' id='word_1_144' title='bbox 1028 1283 1223 1320; x_wconf 87' lang='lat' dir='ltr'><strong>somnum,</strong></span> 
     </span>
    </p>

    <p class='ocr_par' dir='ltr' id='par_1_21' title="bbox 138 1324 973 1374">
     <span class='ocr_line' id='line_1_23' title="bbox 138 1324 973 1374; baseline 0.002 -14"><span class='ocrx_word' id='word_1_145' title='bbox 138 1324 286 1362; x_wconf 86' lang='lat' dir='ltr'><strong>litoreis</strong></span> <span class='ocrx_word' id='word_1_146' title='bbox 305 1328 446 1374; x_wconf 79' lang='lat' dir='ltr'><strong>ingens</strong></span> <span class='ocrx_word' id='word_1_147' title='bbox 465 1327 627 1361; x_wconf 88' lang='lat' dir='ltr'><strong>inventa</strong></span> <span class='ocrx_word' id='word_1_148' title='bbox 646 1325 717 1361; x_wconf 90' lang='lat' dir='ltr'><strong>sub</strong></span> <span class='ocrx_word' id='word_1_149' title='bbox 737 1324 890 1361; x_wconf 80' lang='lat' dir='ltr'><strong>ilicibus</strong></span> <span class='ocrx_word' id='word_1_150' title='bbox 909 1338 973 1362; x_wconf 78' lang='lat' dir='ltr'><strong>sus</strong></span> 
     </span>
    </p>

    <p class='ocr_par' dir='ltr' id='par_1_22' title="bbox 138 1377 927 1427">
     <span class='ocr_line' id='line_1_24' title="bbox 138 1377 927 1427; baseline -0.001 -13"><span class='ocrx_word' id='word_1_151' title='bbox 138 1381 301 1427; x_wconf 79' lang='lat' dir='ltr'><strong>triginta</strong></span> <span class='ocrx_word' id='word_1_152' title='bbox 320 1381 492 1427; x_wconf 86' lang='lat' dir='ltr'><strong>capitum</strong></span> <span class='ocrx_word' id='word_1_153' title='bbox 512 1377 616 1414; x_wconf 90' lang='lat' dir='ltr'><strong>fetus</strong></span> <span class='ocrx_word' id='word_1_154' title='bbox 637 1380 752 1414; x_wconf 86' lang='lat' dir='ltr'><strong>enixa</strong></span> <span class='ocrx_word' id='word_1_155' title='bbox 770 1378 927 1423; x_wconf 83' lang='lat' dir='ltr'><strong>iacebit,</strong></span> 
     </span>
    </p>

    <p class='ocr_par' dir='ltr' id='par_1_23' title="bbox 137 1431 1312 1477">
     <span class='ocr_line' id='line_1_25' title="bbox 137 1431 1312 1477; baseline 0.002 -10"><span class='ocrx_word' id='word_1_156' title='bbox 137 1432 237 1477; x_wconf 74' lang='lat' dir='ltr'><strong>alba,</strong></span> <span class='ocrx_word' id='word_1_157' title='bbox 256 1431 337 1468; x_wconf 89' lang='lat' dir='ltr'><strong>solo</strong></span> <span class='ocrx_word' id='word_1_158' title='bbox 357 1432 558 1476; x_wconf 87' lang='lat' dir='ltr'><strong>recubans,</strong></span> <span class='ocrx_word' id='word_1_159' title='bbox 579 1431 656 1467; x_wconf 83' lang='lat' dir='ltr'><strong>albi</strong></span> <span class='ocrx_word' id='word_1_160' title='bbox 677 1433 821 1467; x_wconf 88' lang='lat' dir='ltr'><strong>circum</strong></span> <span class='ocrx_word' id='word_1_161' title='bbox 843 1432 962 1467; x_wconf 85' lang='lat' dir='ltr'><strong>ubera</strong></span> <span class='ocrx_word' id='word_1_162' title='bbox 983 1434 1076 1467; x_wconf 88' lang='lat' dir='ltr'><strong>nati.</strong></span> <span class='ocrx_word' id='word_1_163' title='bbox 1264 1436 1312 1469; x_wconf 81' lang='lat'><strong>45</strong></span> 
     </span>
    </p>

    <p class='ocr_par' dir='ltr' id='par_1_24' title="bbox 138 1481 1172 1537">
     <span class='ocr_line' id='line_1_26' title="bbox 138 1481 1172 1537; baseline 0.001 -16"><span class='ocrx_word' id='word_1_164' title='bbox 138 1483 218 1536; x_wconf 88' lang='lat' dir='ltr'><strong>[hic</strong></span> <span class='ocrx_word' id='word_1_165' title='bbox 239 1485 344 1522; x_wconf 89' lang='lat' dir='ltr'><strong>locus</strong></span> <span class='ocrx_word' id='word_1_166' title='bbox 364 1486 469 1521; x_wconf 90' lang='lat' dir='ltr'><strong>urbis</strong></span> <span class='ocrx_word' id='word_1_167' title='bbox 489 1487 576 1529; x_wconf 88' lang='lat' dir='ltr'><strong>erit,</strong></span> <span class='ocrx_word' id='word_1_168' title='bbox 598 1487 751 1534; x_wconf 89' lang='lat' dir='ltr'><strong>requies</strong></span> <span class='ocrx_word' id='word_1_169' title='bbox 772 1497 817 1521; x_wconf 90' lang='lat' dir='ltr'><strong>ea</strong></span> <span class='ocrx_word' id='word_1_170' title='bbox 838 1490 944 1521; x_wconf 86' lang='lat' dir='ltr'><strong>certa</strong></span> <span class='ocrx_word' id='word_1_171' title='bbox 964 1481 1172 1537; x_wconf 87' lang='lat' dir='ltr'><strong>laborum.]</strong></span> 
     </span>
    </p>

    <p class='ocr_par' dir='ltr' id='par_1_25' title="bbox 138 1537 1064 1587">
     <span class='ocr_line' id='line_1_27' title="bbox 138 1537 1064 1587; baseline 0.001 -13"><span class='ocrx_word' id='word_1_172' title='bbox 138 1551 186 1575; x_wconf 82' lang='lat' dir='ltr'><strong>ex</strong></span> <span class='ocrx_word' id='word_1_173' title='bbox 206 1551 283 1587; x_wconf 89' lang='lat' dir='ltr'><strong>quo</strong></span> <span class='ocrx_word' id='word_1_174' title='bbox 303 1543 364 1575; x_wconf 83' lang='lat' dir='ltr'><strong>ter</strong></span> <span class='ocrx_word' id='word_1_175' title='bbox 384 1538 496 1575; x_wconf 88' lang='lat' dir='ltr'><strong>denis</strong></span> <span class='ocrx_word' id='word_1_176' title='bbox 516 1539 653 1574; x_wconf 87' lang='lat' dir='ltr'><strong>urbem</strong></span> <span class='ocrx_word' id='word_1_177' title='bbox 673 1537 932 1575; x_wconf 84' lang='lat' dir='ltr'><strong>redeuntibus</strong></span> <span class='ocrx_word' id='word_1_178' title='bbox 952 1541 1064 1575; x_wconf 87' lang='lat' dir='ltr'><strong>annis</strong></span> 
     </span>
    </p>

    <p class='ocr_par' dir='ltr' id='par_1_26' title="bbox 139 1591 1043 1639">
     <span class='ocr_line' id='line_1_28' title="bbox 139 1591 1043 1639; baseline 0.001 -12"><span class='ocrx_word' id='word_1_179' title='bbox 139 1592 327 1628; x_wconf 86' lang='lat' dir='ltr'><strong>Ascanius</strong></span> <span class='ocrx_word' id='word_1_180' title='bbox 348 1591 440 1627; x_wconf 86' lang='lat' dir='ltr'><strong>clari</strong></span> <span class='ocrx_word' id='word_1_181' title='bbox 460 1591 606 1628; x_wconf 83' lang='lat' dir='ltr'><strong>condet</strong></span> <span class='ocrx_word' id='word_1_182' title='bbox 626 1593 868 1639; x_wconf 81' lang='lat' dir='ltr'><strong>cognominis</strong></span> <span class='ocrx_word' id='word_1_183' title='bbox 892 1591 1043 1628; x_wconf 71' lang='lat' dir='ltr'><strong>Albam.</strong></span> 
     </span>
    </p>

    <p class='ocr_par' dir='ltr' id='par_1_27' title="bbox 138 1644 1235 1694">
     <span class='ocr_line' id='line_1_29' title="bbox 138 1644 1235 1694; baseline 0 -13"><span class='ocrx_word' id='word_1_184' title='bbox 138 1645 240 1681; x_wconf 84' lang='lat' dir='ltr'><strong>haud</strong></span> <span class='ocrx_word' id='word_1_185' title='bbox 264 1648 412 1682; x_wconf 83' lang='lat' dir='ltr'><strong>incerta</strong></span> <span class='ocrx_word' id='word_1_186' title='bbox 432 1658 539 1681; x_wconf 85' lang='lat' dir='ltr'><strong>cano.</strong></span> <span class='ocrx_word' id='word_1_187' title='bbox 593 1658 697 1681; x_wconf 90' lang='lat' dir='ltr'><strong>nunc</strong></span> <span class='ocrx_word' id='word_1_188' title='bbox 719 1658 794 1694; x_wconf 89' lang='lat' dir='ltr'><strong>qua</strong></span> <span class='ocrx_word' id='word_1_189' title='bbox 815 1647 967 1681; x_wconf 83' lang='lat' dir='ltr'><strong>ratione</strong></span> <span class='ocrx_word' id='word_1_190' title='bbox 988 1644 1091 1694; x_wconf 79' lang='lat' dir='ltr'><strong>quod</strong></span> <span class='ocrx_word' id='word_1_191' title='bbox 1113 1647 1235 1681; x_wconf 73' lang='lat' dir='ltr'><strong>instat</strong></span> 
     </span>
    </p>

    <p class='ocr_par' dir='ltr' id='par_1_28' title="bbox 137 1698 1314 1748">
     <span class='ocr_line' id='line_1_30' title="bbox 137 1698 1314 1748; baseline -0.003 -13"><span class='ocrx_word' id='word_1_192' title='bbox 137 1698 323 1747; x_wconf 78' lang='lat' dir='ltr'><strong>expedias</strong></span> <span class='ocrx_word' id='word_1_193' title='bbox 342 1701 476 1743; x_wconf 82' lang='lat' dir='ltr'><strong>victor,</strong></span> <span class='ocrx_word' id='word_1_194' title='bbox 497 1700 643 1748; x_wconf 85' lang='lat' dir='ltr'><strong>paucis,</strong></span> <span class='ocrx_word' id='word_1_195' title='bbox 662 1698 839 1743; x_wconf 73' lang='lat' dir='ltr'><strong>adverte,</strong></span> <span class='ocrx_word' id='word_1_196' title='bbox 859 1698 1020 1734; x_wconf 77' lang='lat' dir='ltr'><strong>docebo.</strong></span> <span class='ocrx_word' id='word_1_197' title='bbox 1266 1702 1314 1735; x_wconf 81' lang='lat'><strong>50</strong></span> 
     </span>
    </p>

    <p class='ocr_par' dir='ltr' id='par_1_29' title="bbox 139 1751 1142 1801">
     <span class='ocr_line' id='line_1_31' title="bbox 139 1751 1142 1801; baseline 0 -14"><span class='ocrx_word' id='word_1_198' title='bbox 139 1752 311 1789; x_wconf 85' lang='lat' dir='ltr'><strong>Arcades</strong></span> <span class='ocrx_word' id='word_1_199' title='bbox 330 1751 391 1788; x_wconf 81' lang='lat' dir='ltr'><strong>his</strong></span> <span class='ocrx_word' id='word_1_200' title='bbox 412 1754 499 1798; x_wconf 85' lang='lat' dir='ltr'><strong>oris,</strong></span> <span class='ocrx_word' id='word_1_201' title='bbox 519 1764 645 1801; x_wconf 86' lang='lat' dir='ltr'><strong>genus</strong></span> <span class='ocrx_word' id='word_1_202' title='bbox 665 1765 686 1787; x_wconf 87' lang='lat' dir='ltr'><strong>a</strong></span> <span class='ocrx_word' id='word_1_203' title='bbox 709 1751 886 1788; x_wconf 84' lang='lat' dir='ltr'><strong>Pallante</strong></span> <span class='ocrx_word' id='word_1_204' title='bbox 907 1751 1142 1800; x_wconf 82' lang='lat' dir='ltr'><strong>profectum,</strong></span> 
     </span>
    </p>

    <p class='ocr_par' dir='ltr' id='par_1_30' title="bbox 137 1805 1184 1854">
     <span class='ocr_line' id='line_1_32' title="bbox 137 1805 1184 1854; baseline -0.001 -13"><span class='ocrx_word' id='word_1_205' title='bbox 137 1808 202 1854; x_wconf 87' lang='lat' dir='ltr'><strong>qui</strong></span> <span class='ocrx_word' id='word_1_206' title='bbox 223 1818 358 1854; x_wconf 84' lang='lat' dir='ltr'><strong>regem</strong></span> <span class='ocrx_word' id='word_1_207' title='bbox 380 1805 607 1842; x_wconf 80' lang='lat' dir='ltr'><strong>Euandrum</strong></span> <span class='ocrx_word' id='word_1_208' title='bbox 628 1807 804 1850; x_wconf 84' lang='lat' dir='ltr'><strong>comites,</strong></span> <span class='ocrx_word' id='word_1_209' title='bbox 826 1807 891 1854; x_wconf 84' lang='lat' dir='ltr'><strong>qui</strong></span> <span class='ocrx_word' id='word_1_210' title='bbox 912 1807 1022 1853; x_wconf 87' lang='lat' dir='ltr'><strong>signa</strong></span> <span class='ocrx_word' id='word_1_211' title='bbox 1043 1807 1184 1851; x_wconf 86' lang='lat' dir='ltr'><strong>secuti,</strong></span> 
     </span>
    </p>

    <p class='ocr_par' dir='ltr' id='par_1_31' title="bbox 136 1858 1155 1908">
     <span class='ocr_line' id='line_1_33' title="bbox 136 1858 1155 1908; baseline 0.001 -14"><span class='ocrx_word' id='word_1_212' title='bbox 136 1858 322 1908; x_wconf 78' lang='lat' dir='ltr'><strong>delegere</strong></span> <span class='ocrx_word' id='word_1_213' title='bbox 342 1858 471 1895; x_wconf 86' lang='lat' dir='ltr'><strong>locum</strong></span> <span class='ocrx_word' id='word_1_214' title='bbox 492 1864 533 1895; x_wconf 91' lang='lat' dir='ltr'><strong>et</strong></span> <span class='ocrx_word' id='word_1_215' title='bbox 553 1871 717 1908; x_wconf 85' lang='lat' dir='ltr'><strong>posuere</strong></span> <span class='ocrx_word' id='word_1_216' title='bbox 739 1861 777 1894; x_wconf 92' lang='lat' dir='ltr'><strong>in</strong></span> <span class='ocrx_word' id='word_1_217' title='bbox 798 1859 998 1894; x_wconf 82' lang='lat' dir='ltr'><strong>montibus</strong></span> <span class='ocrx_word' id='word_1_218' title='bbox 1018 1859 1155 1895; x_wconf 79' lang='lat' dir='ltr'><strong>urbem</strong></span> 
     </span>
    </p>
   </div>
   <div class='ocr_carea' id='block_1_3' title="bbox 306 1943 1155 2072">
    <p class='ocr_par' dir='ltr' id='par_1_32' title="bbox 306 1943 1155 2072">
     <span class='ocr_line' id='line_1_34' title="bbox 306 1943 1096 1985; baseline 0.001 -10"><span class='ocrx_word' id='word_1_219' title='bbox 306 1945 333 1964; x_wconf 77' lang='lat'><strong>²9</strong></span> <span class='ocrx_word' id='word_1_220' title='bbox 358 1949 494 1985; x_wconf 80' lang='lat' dir='ltr'><strong>pectore</strong></span> <span class='ocrx_word' id='word_1_221' title='bbox 513 1945 573 1976; x_wconf 69' lang='grc' dir='ltr'><strong>ΜῙ.</strong></span> <span class='ocrx_word' id='word_1_222' title='bbox 715 1943 790 1962; x_wconf 67' lang='grc'><strong>43-43</strong></span> <span class='ocrx_word' id='word_1_223' title='bbox 819 1957 847 1971; x_wconf 82' lang='lat'>=</span> <span class='ocrx_word' id='word_1_224' title='bbox 865 1952 918 1975; x_wconf 72' lang='grc' dir='ltr'>ΙΙΙ.</span> <span class='ocrx_word' id='word_1_225' title='bbox 940 1944 1096 1976; x_wconf 83' lang='grc'>390-393.</span> 
     </span>
     <span class='ocr_line' id='line_1_35' title="bbox 306 1986 1155 2028; baseline 0 -10"><span class='ocrx_word' id='word_1_226' title='bbox 306 1987 333 2006; x_wconf 74' lang='lat'><strong>4⁶</strong></span> <span class='ocrx_word' id='word_1_227' title='bbox 357 1988 492 2018; x_wconf 67' lang='lat' dir='ltr'><strong>omimd</strong></span> <span class='ocrx_word' id='word_1_228' title='bbox 508 1988 548 2028; x_wconf 83' lang='lat' dir='ltr'><strong>by</strong></span> <span class='ocrx_word' id='word_1_229' title='bbox 564 1987 718 2027; x_wconf 59' lang='lat' dir='ltr'><strong>MPylal,</strong></span> <span class='ocrx_word' id='word_1_230' title='bbox 736 1991 791 2018; x_wconf 76' lang='lat' dir='ltr'><strong>noc</strong></span> <span class='ocrx_word' id='word_1_231' title='bbox 807 1986 936 2019; x_wconf 52' lang='lat' dir='ltr'><strong>notit-ed</strong></span> <span class='ocrx_word' id='word_1_232' title='bbox 952 1987 993 2028; x_wconf 77' lang='lat' dir='ltr'><strong>by</strong></span> <span class='ocrx_word' id='word_1_233' title='bbox 1008 1987 1155 2019; x_wconf 67' lang='lat' dir='ltr'><strong>Servius.</strong></span> 
     </span>
     <span class='ocr_line' id='line_1_36' title="bbox 307 2030 701 2072; baseline 0.005 -12"><span class='ocrx_word' id='word_1_234' title='bbox 307 2030 335 2049; x_wconf 82' lang='lat'><strong>⁶0</strong></span> <span class='ocrx_word' id='word_1_235' title='bbox 358 2031 537 2072; x_wconf 75' lang='lat' dir='ltr'><strong>expediam</strong></span> <span class='ocrx_word' id='word_1_236' title='bbox 556 2030 701 2072; x_wconf 51' lang='lat' dir='ltr'><strong>2112P271.</strong></span> 
     </span>
    </p>
   </div>
   <div class='ocr_carea' id='block_1_4' title="bbox 136 2072 185 2111">
    <p class='ocr_par' dir='ltr' id='par_1_33' title="bbox 136 2072 185 2111">
     <span class='ocr_line' id='line_1_37' title="bbox 136 2072 185 2111; baseline -0.02 0"><span class='ocrx_word' id='word_1_237' title='bbox 136 2072 185 2111; x_wconf 75' lang='lat'><strong>62</strong></span> 
     </span>
    </p>
   </div>
  </div>
 </body>
</html>
