1399 2271
652 79 840 116 VlRGIL

159 169 332 219 profuit?
363 172 498 217 optato
518 166 743 203 conduntur
761 164 971 214 Thybridis
991 164 1113 210 alveo,

158 230 282 265 securi
301 227 431 276 pelagi
450 231 570 275 atque
589 227 679 261 mei,
735 224 840 260 Mars
859 223 1026 273 perdere
1046 229 1209 273 gentem

158 290 368 323 immanem
390 284 602 334 Lapithum
623 283 756 328 valuit,
777 284 971 319 concessit
990 284 1031 318 in
1050 284 1125 319 iras
1258 286 1331 319 305

157 348 239 394 ipse
259 344 377 381 deum
397 346 599 392 antiquam
620 344 776 391 genitor
797 341 996 391 Calydona
1017 340 1181 386 Dianae,

157 403 260 454 quod
280 402 406 439 scelus
425 406 494 438 aut
516 400 702 450 Lapithas
722 404 879 437 tantum
897 404 967 435 aut
986 398 1184 448 Calydona

261 466 480 499 merentem
498 461 512 496 ?

156 527 216 558 ast
235 534 322 570 ego,
341 534 483 569 magna
504 519 604 555 Iovis
625 520 808 562 coniunx,
829 517 884 553 nil
904 516 1084 566 linquere
1103 519 1279 554 inausum

157 592 255 629 quae
275 582 384 628 potui
406 577 556 623 infelix,
576 589 675 626 qnae
696 580 845 612 memet
865 578 905 611 in
925 577 1054 611 omnia
1075 579 1186 621 verti,

157 641 288 674 vincor
301 638 349 672 ab
366 638 512 672 Aenea.
562 635 666 684 quod
682 637 713 671 si
728 647 816 670 inea
831 636 992 669 numina
1008 646 1087 670 non
1103 639 1195 671 sunt
1257 638 1332 670 310

156 713 297 747 magna
316 702 421 743 satis,
441 698 621 734 dubitem
639 696 746 733 haud
768 695 952 745 equidem
972 695 1179 745 implorare

259 756 364 806 quod
385 769 546 805 usquam
569 760 639 792 est.
1114 746 1116 750 V

155 817 312 853 flectere
332 818 363 852 si
383 828 538 864 nequeo
558 827 732 863 superos,
752 813 980 850 Acheronta
999 814 1174 850 movebo.

154 888 232 911 non
252 874 409 910 (labitur
427 875 572 921 regnis,
593 877 690 917 esto,
711 872 920 921 prohibere
942 871 1105 917 Latinis,

154 938 272 982 atque
292 935 454 968 immota
473 936 609 967 manet
628 930 718 968 fatis
740 930 901 966 Lavinia
924 933 1092 966 coniunx
1111 944 1119 968 τ

153 997 194 1028 at
208 990 363 1027 trahere
379 995 498 1039 atque
513 1002 639 1025 moras
657 991 778 1025 tantis
793 988 888 1025 licet
903 989 1050 1025 addere
1066 990 1195 1035 rebus,
1255 994 1328 1027 315

153 1055 193 1086 at
212 1050 306 1086 licet
324 1050 526 1085 amborum
546 1048 710 1098 populos
731 1048 961 1085 exscindere
981 1060 1130 1096 regum.

153 1109 224 1144 hac
245 1121 368 1157 gener
387 1113 506 1157 atque
527 1120 636 1144 socer
655 1112 796 1143 coeant
815 1107 999 1144 mercede
1020 1120 1188 1143 suorum.

152 1170 342 1214 sanguine
362 1165 529 1202 Troiano
550 1171 591 1202 et
614 1166 759 1202 Rutulo
779 1166 983 1212 dot-abere,
1003 1169 1124 1215 virgo,

152 1231 194 1263 et
214 1226 376 1261 Bellona
395 1230 531 1261 manet
549 1229 590 1261 te
610 1225 797 1274 pronuba.
855 1238 929 1261 nec
948 1224 1034 1261 face
1054 1230 1210 1262 tantum

153 1285 291 1321 Cisseis
311 1296 502 1332 praegnas
522 1285 624 1331 ignis
643 1285 759 1319 enixa
778 1283 932 1332 iugalis,
1254 1289 1328 1322 3⁶20

152 1346 245 1392 quin
265 1342 370 1378 idem
391 1342 535 1378 Veneri
555 1346 689 1390 partus
709 1354 800 1378 suus
821 1347 863 1378 et
885 1342 989 1378 Paris
1008 1342 1120 1388 alter,

151 1401 410 1450 funestaeque
430 1403 574 1436 iterum
593 1400 763 1437 recidiva
782 1402 823 1436 in
845 1401 1035 1450 Pergama
1054 1401 1233 1439 taedae.'’

205 1459 318 1495 Haec
338 1459 404 1495 ubi
423 1458 528 1495 dicta
548 1458 674 1504 dedit,
693 1464 817 1495 terras
836 1458 1031 1496 horrenda
1051 1463 1216 1508 petivit3

151 1517 359 1554 luctificam
380 1517 537 1554 Allecto
557 1516 728 1553 dirarum
748 1518 797 1554 ab
817 1517 911 1554 sede
932 1518 1094 1554 dearum

151 1576 393 1625 infernisque
413 1578 492 1612 ciet
511 1577 700 1621 tenebris,
720 1578 781 1612 cui
802 1579 929 1613 tristia
949 1577 1052 1614 bella
1251 1583 1324 1616 325

151 1639 308 1684 iraeque
329 1634 571 1684 insidiaeque
592 1639 633 1671 et
654 1637 815 1671 crimina
834 1638 950 1672 noxia
969 1636 1087 1675 cordi.
1223 1650 1326 1674 Flunv

150 1694 235 1730 odit
254 1698 295 1729 et
313 1696 396 1741 ipse
415 1698 529 1742 pater
549 1693 704 1738 Pluton,
726 1693 844 1731 odere
863 1707 1013 1731 sorores

150 1753 359 1789 Tartareae
378 1757 597 1789 monstrum
613 1767 620 1789 :
649 1757 711 1789 tot
730 1765 815 1790 sese
835 1755 956 1790 vertit
974 1756 1015 1790 in
1034 1766 1114 1800 ora,

191 1845 235 1864 ³⁰⁷
259 1844 416 1886 Ca-pithis
433 1845 503 1876 Ml.-
526 1845 691 1886 Lapithas
707 1846 746 1876 M
748 1845 768 1877 ².
811 1845 986 1887 Calydone
1004 1847 1106 1879 JPR:
1124 1847 1256 1889 Calydo
1268 1849 1321 1881 Fl.

150 1891 301 1919 merente
326 1889 373 1919 I1':
395 1891 564 1919 merentes
580 1888 652 1919 31¹:
674 1892 827 1919 merente
843 1890 894 1920 R:
916 1889 1052 1921 Servius
1071 1891 1144 1922 ancl
1164 1891 1324 1923 Priscian

148 1931 262 1971 prefer
275 1931 325 1961 the
341 1930 508 1962 ablatires.
643 1930 688 1950 ³1⁰
712 1932 829 1962 vincar
844 1932 906 1963 M1.

191 1974 236 1993 ³¹¹
259 1976 311 2006 est
327 1973 461 2006 omitted
477 1974 517 2015 by
534 1973 594 2006 M1.
643 1973 687 1994 ⁸¹⁷
712 1974 788 2014 hac]
805 1978 842 2005 at
858 1975 901 2007 M.
952 1975 997 1994 ³²4
1020 1985 1172 2007 sororum
1186 1976 1318 2017 *WB-7².

151 2022 199 2054 24
