1399 2271
623 84 811 122 VIRGIL

185 170 270 206 Hos
291 172 395 206 inter
413 175 556 216 motus,
569 170 700 207 medio
720 173 758 206 in
780 170 968 220 flagrante
989 171 1175 218 tumultu,
1225 176 1298 209 225

132 236 222 260 ecce
243 237 360 272 super
378 226 516 261 maesti
537 237 679 273 magna
700 224 901 261 Diomedis
920 226 968 261 ab
987 226 1084 262 urbe

133 276 251 326 legati
271 290 457 326 responsa
477 277 633 314 ferunt:
662 277 759 314 nihil
778 279 957 315 omnibus
977 283 1108 315 actum

134 335 330 367 tantorum
344 333 531 380 impensis
543 344 717 380 operum,
731 331 785 367 nil
802 331 904 368 dona
918 345 1047 382 neque
1063 345 1198 369 aurum

132 397 205 421 nec
224 398 385 434 magnas
405 384 570 421 valuisse
589 398 739 434 preces,
758 384 832 421 alia
851 398 957 421 arma
978 385 1127 422 Latinis

132 438 368 488 quaerenda,
380 443 448 475 aut
461 451 596 488 pacem
612 438 779 475 Troiano
794 439 842 475 ab
857 451 951 488 rege
966 439 1193 488 petendum.
1226 443 1301 476 230

131 491 265 528 deficit
284 494 438 541 ingenti
458 491 565 529 luctu
586 505 654 529 rex
673 495 756 541 ipse
777 491 950 528 Latinus.

132 544 291 582 fatalem
313 546 477 582 Aenean
496 545 706 582 manifesto
725 548 886 582 numine
907 546 998 582 ferri

132 598 319 636 admonet
338 601 393 635 ira
412 599 530 636 deum
550 599 770 649 tumulique
789 604 882 636 ante
901 612 968 635 ora
986 604 1177 637 recentes.

132 665 225 702 ergo
245 652 453 690 concilium
471 666 657 702 magnum
677 655 900 703 primosque
919 666 1075 689 suorum

132 709 296 755 imperio
315 709 459 742 accitos
478 706 557 743 alta
576 709 679 743 intra
698 706 832 742 limina
851 709 966 753 cogit.
1050 750 1051 753 Ἴ
1226 710 1299 743 235

131 759 196 796 olli
219 773 438 796 convenere
458 765 657 809 ruuntque
677 760 725 796 ad
746 762 853 809 regia
872 760 999 808 plenis

131 818 238 850 tecta
257 816 337 850 viis.
395 813 508 850 sedet
528 816 567 849 in
587 813 726 850 mediis
745 818 786 850 et
805 816 995 849 maximus
1015 826 1110 850 aevo

132 873 173 904 et
192 869 339 916 primus
358 869 521 916 sceptris
542 866 646 903 haud
666 867 769 903 laeta
787 866 917 904 fronte
941 867 1111 904 Latinus.

132 925 250 970 atque
270 920 333 957 hic
353 920 504 970 legatos
524 920 666 957 Aetola
686 933 733 957 ex
753 920 850 957 urbe
871 923 1065 966 remissos,

131 987 230 1024 quae
251 973 437 1019 referant,
456 973 528 1010 fari
547 974 658 1010 iubet
677 979 719 1010 et
737 986 923 1023 responsa
941 976 1111 1023 reposcit
1227 977 1302 1011 240

131 1028 268 1064 ordine
288 1032 430 1064 cuncta
448 1040 528 1064 suo.
586 1032 670 1064 tum
689 1026 793 1063 facta
813 1027 969 1064 silentia
987 1027 1146 1076 linguis,

132 1087 173 1118 et
194 1081 368 1118 Venulus
388 1080 495 1117 dicto
514 1093 655 1130 parens
673 1083 728 1117 ita
748 1080 864 1117 farier
882 1081 991 1117 infit:

184 1138 209 1157 “‘
223 1134 413 1180 Vidimus,
433 1147 455 1170 o
475 1137 590 1179 cives,
613 1133 807 1170 Diomede
829 1135 1051 1184 Argivaque
1071 1139 1197 1170 eastra

130 1193 250 1238 atque
269 1191 345 1225 iter
364 1190 513 1225 emensi
533 1200 642 1224 casus
661 1190 927 1236 superavimus
946 1190 1084 1232 omnis,

131 1244 445 1291 contigimusque
465 1254 636 1287 manum,
656 1254 732 1291 qua
751 1240 923 1278 concidit
942 1241 1013 1277 Ilia
1032 1240 1161 1278 tellus.
1227 1244 1300 1278 245

131 1296 196 1332 ille
217 1297 353 1332 urbem
377 1296 608 1344 Argyripam
628 1297 776 1343 patriae
797 1297 1030 1344 cognomine
1049 1297 1180 1344 gentis

131 1352 254 1386 victor
274 1349 447 1397 Gargani
468 1348 664 1384 condebat
686 1348 843 1397 iapygis
862 1351 974 1396 agris.

130 1408 337 1452 postquam
358 1404 585 1451 introgressi
607 1406 648 1438 et
668 1414 796 1437 coram
816 1400 908 1438 data
928 1403 1038 1450 copia
1058 1400 1178 1445 fandi,

130 1469 292 1493 munera
304 1454 572 1505 praeferimus,
585 1468 730 1491 nomen
743 1456 986 1504 patriamque
998 1454 1198 1500 docemus,

130 1512 196 1559 qui
209 1509 357 1546 bellum
369 1508 589 1554 intulerint,
603 1521 702 1558 quae
715 1521 827 1545 causa
839 1511 1046 1545 attraxerit
1060 1508 1195 1557 Arpos.
1226 1511 1302 1545 250

129 1563 273 1600 auditis
292 1563 359 1599 ille
379 1562 476 1598 haec
495 1561 649 1611 placido
668 1564 722 1598 sic
741 1561 915 1598 reddidit
933 1574 1023 1598 ore:

183 1620 206 1637 “
222 1621 233 1638 ‘
247 1616 282 1653 O
303 1615 525 1652 fortunatae
548 1620 699 1660 ventes,
721 1614 903 1652 Saturnia
921 1628 1056 1664 regna,

130 1673 281 1720 antiqui
302 1671 478 1714 Ausonii,
499 1682 598 1719 quae
619 1681 685 1705 vos
704 1668 862 1705 fortuna
881 1671 1036 1717 quietos

130 1723 314 1760 sollicitat
332 1723 550 1772 suadetque
569 1725 704 1771 ignota
723 1721 913 1758 lacessere
933 1721 1062 1758 bella?

172 1821 216 1840 ²³⁰
239 1820 422 1862 petendam
440 1820 576 1860 22J1PJ27
587 1830 598 1851 .·
622 1818 808 1860 petendum
826 1819 968 1850 Servius.

173 1864 215 1883 ²³⁰
240 1862 418 1904 fluuntque
436 1864 540 1902 P2Jss7‚

171 1907 214 1926 ²³³
239 1906 402 1937 Diomede
425 1906 539 1937 sfilssc:
561 1905 749 1936 Diomeden
773 1906 914 1944 MPR—s:
939 1903 1137 1935 Diomedem
1160 1903 1301 1944 inferior

129 1951 224 1981 MSS.

171 1993 213 2011 ²³⁷
238 1992 328 2023 arvis
346 1992 388 2026 ὁὶ
409 1992 551 2023 Servius.
716 1991 757 2010 ²⁵¹
781 1990 892 2022 edidit
908 1990 968 2021 Μ’.

130 2040 206 2072 250
