1399 2271
632 77 822 115 VIRGIL

141 165 240 201 dixit
260 170 301 201 et
318 177 338 201 e
359 177 473 201 curru
493 165 636 202 saltum
656 165 769 202 dedit
788 168 893 202 ocius
913 169 1012 203 arvis

141 231 289 268 perque
310 218 444 263 hostis,
464 232 534 268 per
553 218 634 256 tela
653 222 731 255 ruit
750 225 1019 269 maestamque
1040 233 1209 257 sororem

140 272 288 309 deserit
305 285 350 309 ae
369 272 505 321 rapido
525 285 638 309 cursu
658 272 789 309 media
807 276 965 322 agmina
984 277 1141 323 rumpit.

140 339 184 362 ac
203 325 327 363 veluti
346 329 491 363 montis
511 339 646 363 saxum
666 326 716 363 de
736 329 883 363 vertice
903 340 1090 376 praeceps

140 393 230 416 cum
248 382 340 425 ruit,
360 379 534 416 avolsum
554 385 686 425 vento,
707 393 775 416 seu
795 380 976 417 turbidus
994 382 1120 418 imber
1238 379 1313 418 685

140 433 286 482 proluit
303 438 372 470 aut
391 436 502 470 annis
521 433 637 471 solvit
655 433 836 483 sublapsa
854 439 1029 471 vetustas
1044 447 1053 478 ;

140 486 266 524 fertur
285 489 325 523 in
345 487 557 536 abruptum
575 500 719 537 magno
738 500 850 524 mons
870 489 1069 537 improbus
1088 493 1177 524 actu

140 540 390 591 exsultatque
411 541 504 587 solo,
524 540 652 587 silvas,
670 546 848 578 armenta
866 544 1045 592 virosque
1211 554 1314 578 Mpnv

139 594 341 632 involvens
361 608 516 632 secum:
545 594 709 632 disiecta
728 608 799 644 per
816 598 973 644 agmina
993 595 1147 632 Turnus

139 651 194 685 sic
213 649 319 686 urbis
339 651 417 686 ruit
435 648 485 685 ad
504 662 649 694 muros,
667 649 734 685 ubi
755 648 921 698 plurima
941 649 1027 686 fuso
1239 647 1314 691 690

139 705 330 752 sanguine
343 707 448 739 terra
459 702 595 739 madet
606 702 859 752 striduntque
872 702 1077 739 hastilibus
1089 715 1219 748 aurae,

139 755 412 806 significatque
431 769 549 792 manu
571 760 613 793 et
630 769 774 805 magno
793 756 908 793 simul
928 759 1067 805 incipit
1086 769 1151 792 ore
1167 769 1175 792 :

140 813 163 831 “
177 812 325 859 parcite
345 813 434 855 iam,
457 809 604 855 Rutuli,
625 814 668 846 et
685 822 752 846 vos
772 809 852 847 tela
871 809 1063 855 inhibete,
1086 810 1238 848 Latini:

139 876 410 913 quaecumque
424 868 485 900 est
498 862 668 908 fortuna,
680 876 768 900 mea
781 868 860 908 est3
879 877 943 900 me
956 866 1084 900 verius
1098 876 1218 900 unum

140 930 209 966 pro
228 917 335 953 vobis
355 916 495 954 foedus
513 916 623 953 luere
644 922 686 954 et
705 916 920 954 decernere
939 917 1080 954 ferro.”
1237 915 1312 960 695

139 971 354 1007 discessere
373 983 510 1007 omnes
528 970 649 1007 medii
669 973 918 1020 spatiumque
938 970 1097 1008 dedere.

192 1025 248 1061 At
267 1029 381 1073 pater
399 1024 555 1061 Aeneas
574 1023 709 1061 audito
728 1027 888 1061 nomine
907 1024 1029 1060 Turni

140 1078 287 1114 deserit
306 1083 348 1115 et
367 1090 498 1114 muros
518 1082 560 1114 et
578 1090 748 1114 summas
767 1077 916 1115 deserit
934 1091 1041 1114 arces

139 1134 452 1181 praecipitatque
466 1144 593 1167 moras
608 1134 748 1176 omnis,
763 1144 882 1180 opera
896 1134 1026 1168 omnia
1039 1134 1202 1181 rumpit,

139 1185 290 1222 laetitia
309 1185 523 1229 exsultans,
542 1184 862 1234 horrendumque
881 1188 1037 1222 intonat
1056 1188 1171 1222 armis
1185 1198 1195 1231 ;
1238 1187 1314 1224 700

139 1243 310 1288 quantus
323 1238 451 1275 Athos
463 1243 532 1275 aut
543 1243 714 1288 quantus
728 1238 833 1288 Eryx
845 1244 915 1275 aut
926 1241 1010 1288 ipse
1023 1242 1190 1276 coruscis

139 1305 228 1328 cum
247 1292 382 1329 fremit
401 1292 554 1329 ilicibus
574 1297 744 1342 quantus
764 1292 992 1342 gaudetque
1011 1292 1129 1329 nivali

139 1348 285 1382 vertice
305 1358 346 1382 se
365 1345 553 1382 attollens
572 1350 686 1395 pater
705 1346 967 1395 Appenninus
986 1345 1035 1382 ad
1055 1359 1175 1383 auras.

138 1402 214 1435 iam
233 1411 325 1436 vero
345 1404 386 1436 et
408 1399 542 1436 Rutuli
561 1401 743 1436 certatim
763 1405 805 1436 et
823 1399 944 1436 Troes
964 1404 1006 1437 et
1024 1412 1161 1437 omnes

138 1458 369 1489 convertere
388 1452 520 1489 oculos
541 1452 643 1498 Itali,
664 1455 810 1502 quique
829 1453 909 1490 alta
927 1454 1122 1490 tenebant
1238 1456 1312 1493 705

137 1509 293 1543 moenia
312 1509 458 1556 quique
477 1509 574 1543 imos
594 1506 804 1555 pulsabant
822 1509 945 1543 ariete
965 1520 1107 1552 muros,

137 1572 322 1610 armaque
342 1559 560 1609 deposuere
579 1562 734 1596 umeris.
791 1565 927 1609 stupet
945 1563 1028 1609 ipse
1049 1560 1213 1598 Latinus

136 1616 324 1662 ingentis,
343 1616 500 1663 genitos
520 1613 683 1650 diversis
702 1614 879 1662 partibus
897 1614 1013 1659 orbis,

137 1669 242 1704 inter
261 1680 303 1704 se
323 1669 460 1704 coiisse
480 1669 580 1704 viros
600 1672 642 1704 et
661 1680 824 1704 cernere
843 1666 958 1704 ferro.

136 1725 255 1770 atque
275 1720 344 1766 illi,
365 1725 410 1757 ut
430 1733 550 1757 vacuo
570 1725 786 1770 patuerunt
804 1733 974 1771 aequore
995 1723 1134 1771 campi,
1236 1723 1312 1761 710

136 1787 321 1822 procursu
341 1774 490 1824 rapido,
511 1776 699 1811 coniectis
720 1777 873 1811 eminus
892 1774 1026 1820 hastis,

179 1855 223 1875 ⁷⁰¹
246 1855 364 1887 Athon
382 1855 442 1892 hle,
462 1854 605 1886 Servius.

178 1898 222 1917 ⁷⁰⁹
245 1902 282 1930 et
304 1897 439 1930 omitted
462 1908 487 1929 c.
537 1908 673 1929 cernere
698 1898 749 1936 1³¹,
776 1897 898 1929 Seneca
922 1897 997 1938 (Ep.
1019 1899 1070 1929 58.
1089 1898 1133 1936 3),
1154 1897 1310 1929 Servius:

133 1941 328 2017 ἓεὲἓὶἲὶεπηὲ
344 1941 371 1980 b,
386 1941 500 1973 known
517 1944 547 1971 ιο
565 1940 749 1973 Priscian:
771 1940 953 1972 decernere
968 1945 1051 1972 most
1067 1942 1180 1979 MSS„
1195 1941 1309 1972 known

134 2026 210 2065 346
