1399 2271
612 67 803 105 VIRGIL

175 154 338 192 Invideo
357 155 477 200 vobis,
498 157 603 204 agri:
631 168 719 191 mea
739 154 882 204 gaudia
900 154 1069 201 habetis,
1243 158 1292 192 20

120 213 162 245 et
182 209 290 245 vobis
309 221 415 245 nunc
436 214 495 245 est
515 221 603 246 mea
622 221 722 259 quae
742 208 818 245 fuit
836 213 930 246 ante
950 209 1140 258 voluptas.

121 267 161 299 at
179 262 277 298 mihi
296 263 507 299 tabescunt
525 264 735 299 morientia
753 263 929 299 membra
949 262 1097 308 dolore,

121 321 162 353 et
182 316 285 352 calor
303 315 433 352 infuso
452 315 612 353 decedit
631 315 775 364 frigore
793 318 942 361 mortis,

121 369 225 419 quod
239 382 327 406 mea
342 382 422 406 non
436 382 592 406 mecum
607 369 766 406 domina
780 375 851 406 est.
890 382 971 406 non
986 369 1064 405 ulla
1079 368 1211 419 puella

121 424 272 460 doctior
290 426 332 460 in
350 425 466 460 terris
484 423 560 460 fuit
579 428 648 460 aut
666 422 892 465 formosior;
919 436 964 459 ac
984 425 1015 459 si
1244 426 1292 459 25

121 477 253 514 fabula
271 490 351 514 non
370 490 469 513 vana
490 482 562 522 est,
581 481 693 513 tauro
714 476 807 514 Iove
827 476 948 526 digna
966 476 1029 514 vel
1048 488 1141 512 auro

123 530 320 580 (Iuppiter
337 536 490 568 avertas
510 532 660 578 aurem)
681 543 768 567 mea
786 530 867 567 sola
886 529 1018 580 puella
1038 534 1108 566 est.

176 616 286 654 Felix
306 622 430 662 mure,
450 621 563 666 pater
581 619 715 666 magni
734 619 865 666 gregis
885 622 926 653 et
945 616 1078 661 decus,
1098 629 1119 652 a
1139 622 1181 653 te

122 670 280 707 vaccula
299 683 379 706 non
398 683 585 720 umquam
604 675 755 707 secreta
775 670 918 706 cubilia
936 676 1097 719 captans

122 724 266 761 frustra
287 729 328 760 te
348 727 496 773 patitur
516 723 621 760 silvis
639 726 792 773 mugire
812 723 997 760 dolorem.
1245 727 1294 760 30

124 784 164 815 et
184 783 297 827 pater
316 777 532 814 haedorum
552 776 647 813 felix
667 790 901 827 semperque
921 778 1050 823 beate,

123 834 202 868 sive
223 834 326 880 petis
344 834 490 868 montis
510 836 754 880 praeruptos,
775 844 866 868 saxa
884 843 1103 880 pererrans,

124 888 204 921 sive
223 885 296 921 tibi
316 884 419 921 silvis
440 897 539 921 nova
558 884 701 934 pabula
720 883 897 921 fastidire

124 941 204 975 sive
223 937 322 975 libet
342 940 487 987 campis
503 950 511 975 :
538 942 674 975 tecum
692 943 760 974 tua
778 937 884 975 laeta
903 937 1053 987 capella
1072 942 1144 975 est.

124 997 167 1029 et
184 1004 266 1028 mas
286 1003 533 1041 quacumque
553 996 627 1037 est,
647 991 703 1027 illi
723 1004 792 1028 sua
810 991 959 1028 femina
977 994 1111 1028 iuncta
1248 995 1295 1028 35

124 1044 397 1095 interpellatos
415 1057 630 1094 numquam
649 1044 818 1094 ploravit
835 1058 997 1082 amores.

125 1112 192 1136 cur
211 1111 291 1135 non
311 1103 353 1135 et
372 1099 484 1135 nobis
503 1097 641 1144 facilis,
660 1103 813 1144 natura,
832 1097 968 1135 fuisti?

125 1166 193 1190 cur
213 1165 286 1201 ego
307 1151 508 1189 crudelem
527 1154 656 1201 patior
673 1156 756 1189 tam
775 1164 892 1202 saepe
912 1151 1115 1189 dolorem?

178 1238 314 1276 Sidera
326 1251 396 1288 per
408 1238 573 1275 viridem
585 1238 756 1275 redeunt
768 1251 856 1274 cum
868 1237 1014 1287 pallida
1024 1237 1230 1284 mundum,

125 1296 244 1343 inque
264 1295 389 1329 vicem
412 1291 560 1329 Phoebi
580 1304 739 1329 currens
757 1292 840 1328 abit
859 1304 998 1328 aureus
1017 1292 1132 1336 orbis,
1250 1296 1299 1328 40

127 1346 251 1392 Luna,
264 1351 356 1383 tuus
369 1351 503 1382 tecum
516 1350 577 1383 est
593 1358 600 1382 :
621 1358 689 1382 cur
701 1357 781 1382 non
794 1350 855 1383 est
867 1350 909 1382 et
920 1358 1007 1382 mea
1019 1358 1174 1382 mecum
1187 1346 1202 1383 Ρ

127 1400 251 1445 Luna,
272 1398 381 1436 dolor
400 1402 505 1436 nosti
524 1398 621 1449 quid
639 1401 713 1436 sit:
741 1401 927 1436 miserere
947 1398 1130 1435 dolentis.

128 1453 300 1498 Phoebe,
320 1465 463 1502 gerens
481 1465 574 1489 nam
593 1452 723 1489 laurus
742 1452 958 1489 celebravit
976 1464 1174 1497 amorem;

127 1512 168 1544 et
183 1519 283 1557 quae
298 1519 442 1556 pompa
456 1505 589 1552 deum,
604 1519 684 1543 non
700 1506 804 1543 silvis
819 1505 936 1551 fama,
950 1505 1081 1542 locuta
1096 1506 1184 1543 est?

129 1563 273 1609 (omnia
293 1572 359 1597 vos
379 1561 488 1609 estis)
510 1572 644 1597 secum
663 1572 732 1597 sua
750 1559 893 1610 gaudia
911 1564 1044 1609 gestat
1250 1563 1298 1596 45

171 1638 198 1657 ²³
221 1637 305 1668 mihi
328 1636 454 1669 Aldine
477 1636 601 1668 edition
626 1638 730 1671 1517:
756 1638 844 1669 male
860 1637 986 1677 (mala).
1035 1636 1218 1669 tabescunt
1233 1636 1277 1669 It.
1291 1651 1300 1669 .·

128 1681 316 1712 tabescant.
462 1680 490 1700 ²⁴
512 1680 583 1712 ulla
599 1680 641 1712 Η
651 1694 661 1712 .·
684 1680 752 1711 illa.

169 1723 198 1742 ³³
221 1723 317 1755 silvis
334 1723 386 1755 L:
410 1723 514 1754 silvas
530 1723 576 1756 S:
599 1723 627 1754 si
643 1723 695 1754 vis
713 1724 762 1754 M.

170 1766 199 1785 ³⁵
222 1776 435 1807 quacumque
453 1766 559 1798 Ellzzs:
582 1776 795 1808 quocumque
813 1766 1024 1808 (quicunque
1039 1766 1112 1806 Ιι.).

170 1809 198 1828 ³⁷
222 1809 321 1840 fuisti
338 1809 548 1840 Samae-ins.-
571 1808 705 1841 fuisset.

171 1851 198 1871 ⁴⁰
221 1862 360 1882 currens
377 1851 449 1883 abit
463 1851 611 1883 E'sleuclzaef
621 1863 632 1883 :
654 1862 793 1883 currens
809 1858 913 1894 atque
926 1864 934 1884 ι
958 1853 1072 1883 coiens
1086 1857 1191 1893 atque
1204 1852 1298 1883 Ellis.

171 1894 199 1914 ⁴²
221 1898 302 1926 tuus
319 1894 357 1926 b:
381 1896 443 1926 tui.

172 1937 199 1956 ⁴³
222 1948 300 1968 uam
318 1937 402 1968 Ellis
419 1952 424 1956 ·
441 1938 474 1968 in
494 1944 538 1969 te.
586 1937 774 1969 celebravit,
791 1937 895 1969 MFL
907 1951 916 1969 .·
934 1937 1121 1969 celebrabis
1137 1938 1296 1978 Scaliyer.

170 1980 198 1999 ⁴⁴
221 1980 322 2021 quae]
339 1990 406 2021 qua
422 1987 475 2015 est
498 1980 648 2013 Vollmer.
696 1991 765 2012 non
780 1980 823 2013 It.
837 1994 846 2012 .·
868 1981 933 2012 nisi
952 1985 985 2012 n.

130 2025 206 2063 474
