1399 2271
637 58 829 96 VIRGIL

147 151 190 183 et
210 148 352 195 pressis
370 151 535 183 tenuem
554 146 790 195 singultibus
809 159 900 183 aera
919 152 1062 197 captat.

149 206 232 236 tum
250 213 439 250 suspensa
456 200 590 237 levans
609 200 745 249 digitis
764 203 930 250 vestigia
948 204 1083 250 primis

147 253 350 303 egreditur
367 253 550 303 ferroque
569 266 708 290 manus
729 259 878 290 armata
897 255 1052 291 bidenti

146 307 299 351 evolat3
326 312 368 344 at
386 307 573 356 demptae
592 308 723 344 subita
740 310 782 343 in
801 307 1010 345 formidine
1030 311 1131 346 vires

146 361 343 398 caeruleas
362 374 431 397 sua
449 360 555 397 furta
574 363 680 410 prius
699 365 900 397 testantur
918 361 968 398 ad
987 363 1153 399 umbras.
1242 367 1317 400 215

145 427 235 450 nam
254 427 331 464 qua
349 427 390 451 se
409 414 459 450 ad
479 417 650 463 patrium
668 414 863 451 tendebat
882 417 1023 452 semita
1042 416 1178 461 limen,

145 468 340 505 vestibulo
358 471 400 504 in
418 467 583 504 thalami
603 468 762 517 paulum
781 473 1000 505 remoratur
1020 474 1061 505 et
1079 469 1161 506 alte

144 525 307 571 suspicit
324 521 375 558 ad
395 521 488 558 celsi
507 524 699 558 nictantia
718 521 846 558 sidera
864 522 1016 567 mundi,

145 588 223 611 non
242 580 405 624 accepta
423 578 498 624 piis
516 578 753 624 promittens
772 588 936 611 munera
956 575 1065 612 divis.

197 629 326 675 Quam
345 629 460 666 simul
480 628 628 678 Ogygii
649 628 855 665 Phoenicis
875 628 952 664 filia
971 629 1111 666 Carme
1240 634 1318 666 220

143 695 303 731 surgere
322 685 447 719 sensit
464 695 562 718 anus
581 681 771 731 (sonitum
789 695 881 718 nam
901 682 1050 719 fecerat
1067 682 1125 719 illi

142 749 360 773 marmoreo
378 740 533 772 aeratus
553 735 724 772 stridens
742 738 785 771 in
802 734 939 772 limine
958 735 1105 785 cardo),

143 792 302 839 corripit
322 788 523 838 extemplo
542 788 685 826 fessam
703 788 893 838 languore
913 789 1086 838 puellam

142 848 183 879 et
198 843 313 879 simul
328 847 354 864 “
365 856 387 879 o
399 843 511 879 nobis
526 855 679 879 sacrum
694 843 849 891 caput,''
866 845 1008 892 inquit,
1021 847 1045 863 “
1056 843 1228 889 alumna,

141 909 221 932 non
240 898 314 933 tibi
333 899 574 946 nequiquam
592 896 725 932 viridis
743 908 815 945 per
828 898 976 933 viscera
995 896 1119 945 pallor
1239 902 1314 935 225

140 956 321 998 aegrotas
339 952 452 986 tenui
473 949 663 986 suffundit
682 952 873 998 sanguine
892 962 1024 995 venas,

141 1016 213 1040 nec
226 1004 322 1040 levis
334 1003 408 1039 hoc
421 1002 569 1039 faceres
582 1002 729 1052 (neque
741 1005 848 1039 enim
860 1005 970 1052 pote)
984 1016 1075 1039 cura
1087 1004 1257 1053 subegit,

140 1062 208 1094 aut
227 1056 364 1093 fallor:
393 1056 497 1106 quod
517 1061 562 1092 ut
582 1068 605 1092 o
624 1059 767 1105 potius,
788 1056 1040 1102 Rhamnusia,
1060 1056 1194 1094 fallar!

139 1124 230 1146 nam
250 1124 327 1160 qua
345 1115 387 1146 te
407 1123 522 1146 causa
540 1122 614 1146 nee
634 1109 759 1146 dulcis
778 1109 918 1158 pocula
938 1109 1081 1146 Bacchi

140 1176 213 1201 nec
233 1164 411 1213 gravidos
432 1164 583 1200 Cereris
602 1163 730 1199 dicam
750 1166 982 1212 contingere
1001 1163 1133 1201 fetus?
1238 1169 1315 1201 230

139 1230 215 1267 qua
235 1230 348 1254 eausa
367 1217 416 1253 ad
436 1219 607 1266 patrium
626 1216 747 1252 solam
767 1217 927 1265 vigilare
948 1217 1090 1261 cubile,

139 1277 319 1320 tempore
339 1283 416 1320 quo
436 1270 557 1307 fessas
575 1269 756 1306 mortalia
775 1275 936 1318 pectora
955 1283 1077 1315 curas,

139 1338 216 1374 quo
235 1324 389 1374 rapidos
409 1326 530 1360 etiam
548 1326 804 1373 requiescunt
820 1323 980 1360 flumina
998 1325 1160 1360 cursus?

139 1378 201 1414 dic
215 1391 289 1427 age
304 1390 409 1414 nunc
423 1380 588 1414 miserae
603 1377 756 1422 saltem,
773 1377 878 1426 quod
894 1389 1011 1426 saepe
1025 1380 1181 1426 petenti

139 1432 291 1469 iurabas
308 1430 408 1467 nihil
429 1443 514 1468 esse
532 1430 642 1476 mihi,
662 1443 731 1467 cur
748 1435 898 1467 maesta
917 1434 1092 1479 parentis
1237 1435 1311 1469 235

181 1540 226 1559 ¹¹⁴
247 1538 386 1570 devolat
403 1538 481 1570 Leo.
529 1537 559 1570 A
570 1537 644 1578 full
658 1542 731 1578 stop
747 1537 776 1569 is
792 1538 976 1579 commonly
992 1538 1116 1579 placed
1130 1543 1166 1570 at
1181 1539 1233 1571 the
1249 1541 1313 1572 end

138 1584 180 1614 ον’
187 1583 238 1614 the
255 1592 351 1614 ter-231³„

150 1619 158 1623 '
181 1626 224 1645 ²¹⁵
246 1630 399 1656 testatur
414 1624 524 1656 LAR.
808 1623 852 1643 ²¹⁶
874 1623 989 1655 lumen
1007 1623 1121 1656 H¹L1.

182 1668 223 1688 ²¹³
246 1672 448 1699 remoratus.
496 1667 566 1698 alte
583 1666 774 1706 Herzberqs
795 1667 868 1698 alti.

182 1711 225 1731 ²¹³
248 1711 330 1742 celsi
345 1710 496 1750 Scalu'yer
506 1721 518 1741 :
531 1709 644 1747 e[a)eli
661 1722 668 1741 :
685 1709 830 1740 adclinis
842 1710 919 1741 Leo.
961 1710 1130 1742 nictantia
1141 1710 1291 1752 Scaln'qer
1306 1724 1311 1729 ·

138 1755 311 1785 mutantia
329 1753 439 1785 HlR:
460 1753 622 1784 nutantia
639 1751 724 1784 Is-'A
734 1753 772 1785 L.

181 1797 225 1816 ²²³
247 1797 454 1837 nequiquam
471 1795 633 1827 Ribbeck:
654 1796 982 1836 nelneciquicquam.

181 1840 225 1859 ‘³³²³
247 1845 366 1880 egroto
383 1840 432 1870 H.
477 1837 623 1869 suffudit
639 1838 680 1869 L.
808 1838 850 1858 ²²⁷
874 1839 1002 1869 fac-eret
1018 1838 1133 1871 ARU.

181 1883 224 1901 ‘³³⁵
246 1884 322 1921 aut]
338 1881 431 1913 haud
446 1881 538 1913 A’L.
585 1881 678 1923 quod
701 1886 741 1912 ut
763 1882 798 1920 o]
819 1881 1008 1912 Schrader:
1030 1881 1122 1923 quod
1145 1887 1180 1914 te
1202 1882 1304 1915 A’L:

137 1925 230 1967 quod
246 1927 296 1956 ita
313 1924 373 1956 H‘.
424 1924 526 1955 fallar
540 1923 681 1956 Juntine
697 1924 846 1955 edition:
868 1924 969 1955 fallor
985 1924 1023 1956 Z.

181 1968 224 1988 ²³⁵
247 1969 323 2008 cur]
337 1978 413 1999 eum
431 1967 552 1998 LAR:
574 1972 648 1998 tum
666 1967 731 2001 1:1¹.

138 2017 214 2049 4-22
