1399 2271
601 40 790 76 VIRGIL

107 124 343 162 distulerant
360 122 420 176 (at
438 130 481 162 tu
502 125 630 171 dictis,
652 125 818 172 Albane,
837 139 1016 163 maneres
1033 125 1060 177 l)

109 184 365 233 raptabatque
385 186 454 220 viri
474 184 674 220 mendacis
696 187 843 221 viscera
862 185 1000 222 Tullus

109 255 176 291 per
195 242 343 287 silvam,
364 247 406 279 et
425 245 545 291 sparsi
565 243 748 279 rorabant
768 246 960 292 sanguine
980 255 1128 292 vepres.
1204 241 1275 282 645

107 314 180 338 nec
199 314 279 337 non
298 301 553 351 Tarquinium
574 305 745 338 eiectum
768 302 965 339 Porsenna
985 303 1149 339 iubebat

106 363 283 410 accipere
302 362 536 410 ingentique
557 361 694 397 urbem
714 361 917 398 obsidione
937 362 1166 410 premebat;

109 419 320 456 Aeneadae
340 422 380 455 in
400 419 546 456 ferrum
567 433 636 469 pro
656 419 840 456 libertate
861 421 1039 457 ruebant.

107 479 218 516 illum
236 479 459 528 indignanti
480 480 646 516 Similem
667 479 912 529 similemque
932 482 1099 516 minanti

107 541 312 588 aspiceres,
331 544 494 587 pontem
514 538 678 575 auderet
698 542 789 588 quia
808 539 952 575 vellere
973 538 1108 575 Cocles
1206 538 1280 577 650

108 603 149 635 et
169 598 327 634 fluvium
347 597 484 634 vinclis
504 600 660 634 innaret
681 598 827 634 Cloelia
846 602 978 647 ruptis.

164 657 210 693 In
230 669 381 693 summo
402 662 530 693 custos
550 656 739 705 Tarpeiae
762 657 932 693 Manlius
952 661 1051 694 arcis

108 717 238 753 stabat
256 728 326 765 pro
345 715 496 764 templo
515 720 558 752 et
578 715 769 764 Capitolia
789 716 891 752 celsa
912 717 1090 764 tenebat,

111 775 379 825 Romuleoque
399 787 537 811 recens
557 774 742 811 horrebat
762 777 868 823 regia
888 775 1027 812 culmo.

108 840 227 884 atque
247 834 310 870 hic
329 836 473 870 auratis
493 834 660 870 volitans
680 839 892 882 argenteus
913 847 1027 870 anser
1209 834 1280 873 655

108 894 322 944 porticibus
343 892 476 929 Gallos
497 895 537 928 in
556 892 692 929 limine
712 892 850 929 adesse
871 894 1062 937 canebat3

108 952 214 990 Galli
233 965 304 1001 per
322 951 460 988 dumos
480 951 647 988 aderant
664 964 873 1001 arcemque
893 953 1099 989 tenebant.

109 1011 263 1048 defensi
283 1011 458 1048 tenebris
478 1016 519 1047 et
539 1010 642 1047 dono
662 1013 788 1047 noctis
809 1023 952 1059 opacae
969 1024 976 1047 :

109 1083 225 1107 aurea
245 1072 432 1106 caesaries
452 1069 538 1105 ollis
558 1074 677 1118 atque
696 1081 814 1106 aurea
833 1072 964 1114 vestis,

109 1131 268 1179 virgatis
286 1128 423 1165 lucent
441 1128 597 1177 sagulis,
618 1134 704 1164 tum
724 1128 851 1164 lactea
871 1128 969 1164 colla
1210 1129 1287 1167 660

109 1202 202 1225 auro
221 1191 491 1233 innectuntur,
513 1187 589 1224 duo
610 1190 774 1237 quisque
796 1187 941 1236 Alpina
962 1194 1168 1226 coruscant

110 1261 227 1298 gaesa
244 1260 375 1292 manu,
395 1248 515 1283 scutis
535 1249 705 1295 protecti
725 1259 885 1295 corpora
905 1246 1041 1295 longis.

110 1307 173 1343 hic
193 1306 426 1343 exsultantis
447 1305 569 1342 Salios
590 1305 794 1355 nudosque
814 1304 1016 1354 Lupercos

109 1367 383 1415 lanigerosque
401 1368 532 1413 apices
553 1370 594 1401 et
612 1364 719 1413 lapsa
738 1363 878 1400 ancilia
898 1364 1006 1400 caelo

110 1424 333 1469 extuderat,
352 1429 482 1460 castae
501 1423 702 1460 ducebant
720 1436 826 1460 saera
846 1435 916 1472 per
935 1423 1073 1459 urbem
1211 1421 1285 1461 665

110 1483 270 1532 pilentis
289 1487 435 1519 matres
454 1484 494 1518 in
514 1481 707 1518 mollibus,
767 1481 858 1517 hinc
878 1482 1010 1530 procul
1034 1481 1147 1519 addit

109 1542 314 1578 Tartareas
334 1543 454 1578 etiam
473 1541 599 1586 sedes,
620 1540 699 1577 alta
718 1543 815 1577 ostia
838 1540 955 1586 Ditis,

110 1606 153 1638 et
171 1601 362 1637 scelerum
383 1613 542 1649 poenas,
563 1605 603 1636 et
624 1605 676 1643 te,
698 1599 878 1644 Catilina,
898 1602 1040 1636 minaci

109 1659 354 1710 pendentem
369 1659 528 1708 scopulo
542 1659 823 1708 Furiarumque
839 1671 905 1695 ora
917 1663 1157 1696 trementem
1173 1671 1182 1702 3

291 1761 334 1780 ⁰⁴³
359 1761 576 1803 dispulerant
592 1761 655 1792 31².
790 1760 833 1779 ⁶⁵⁷
857 1760 962 1800 Galli]
979 1761 1037 1791 olii
1057 1762 1092 1792 R.

294 1804 338 1823 ⁶⁰⁰
363 1807 445 1835 tunc
463 1805 521 1844 Py.
793 1803 838 1823 ⁵⁶¹
862 1807 1018 1835 coruscat,
1034 1803 1109 1844 1³7¹.

148 1903 159 1922 ¹
185 1902 225 1933 In
250 1901 310 1933 the
335 1902 490 1942 imperial
516 1902 588 1942 city
615 1902 712 1933 there
735 1913 804 1933 was
820 1913 840 1933 a
859 1903 999 1934 “house
1022 1903 1057 1934 of
1081 1903 1285 1942 Romulus,”

110 1946 193 1977 with
211 1945 375 1976 thatched
393 1945 476 1982 roos,
496 1955 540 1976 on
557 1945 640 1977 both
658 1945 717 1977 the
735 1945 871 1986 Capitol
889 1946 955 1977 and
974 1946 1033 1978 the
1050 1946 1217 1979 Palat-ine.

113 1994 187 2024 104·
