1399 2271
598 77 789 114 VIRGlL

108 167 161 200 sic
181 166 236 199 ait
256 168 297 200 et
317 164 473 212 paribus
493 163 720 213 Messapum
739 166 780 200 in
800 163 948 213 proelia
966 163 1083 200 dictis
1204 168 1279 201 520

109 217 287 253 hortatur
306 220 507 267 sociosque
527 217 647 254 duces
667 222 709 254 et
728 220 859 267 pergit
878 220 917 253 in
937 216 1104 254 hostem.

161 270 232 307 Est
252 284 368 307 curvo
387 270 566 308 anfractu
586 271 719 316 valles,
739 271 990 307 accommoda
1010 270 1135 306 fraudi

108 337 383 374 armorumque
404 324 515 370 dolis,
535 337 652 374 quam
672 324 804 361 densis
823 324 1026 360 frondibus
1045 329 1174 360 atrum

109 383 226 426 urget
246 381 442 428 utrimque
462 378 577 423 latus,
596 381 726 415 tenuis
745 391 823 427 quo
842 381 982 415 semita
1000 377 1111 414 ducit

108 437 379 481 angustaeque
399 431 533 468 ferunt
552 431 685 468 fauces
702 431 911 481 aditusque
931 431 1103 480 maligni.
1205 436 1278 468 525

110 484 210 521 hane
223 498 340 534 super
352 487 392 521 in
404 485 571 534 speculis
585 498 814 535 summoque
828 488 865 521 in
881 487 1027 522 vertice
1040 487 1184 521 montis

110 538 292 587 planities
312 542 448 588 ignota
465 542 568 576 iacet
586 542 743 589 tutique
762 545 958 588 receptus,

109 605 177 628 seu
197 592 338 629 dextra
355 592 544 642 laevaque
564 592 660 629 velis
678 605 881 629 occurrere
900 605 1070 642 pugnae,

110 649 190 682 sive
210 649 356 682 instare
376 648 476 694 iugis
496 651 538 683 et
556 645 721 695 grandia
740 646 896 682 volvere
916 659 1017 683 saxa.

111 699 186 736 huc
206 702 357 736 iuvenis
376 705 470 736 nota
489 699 614 736 fertur
632 702 794 749 regione
814 702 962 735 viarum
1051 746 1053 749 Ι
1206 703 1281 736 530

112 756 354 802 arripuitque
374 753 504 790 locum
524 758 566 790 et
585 753 689 789 silvis
709 753 854 790 insedit
875 756 1028 802 iniquis.

162 806 349 843 Velocem
370 809 522 843 interea
540 809 690 856 superis
709 809 749 843 in
769 806 927 843 sedibus
948 807 1081 856 Opim,

113 874 228 896 unam
249 874 296 896 ex
317 861 532 909 virginibus
551 862 663 897 sociis
683 873 867 909 sacraque
888 865 1056 906 caterva,

110 914 373 963 compellabat
392 919 433 950 et
452 913 521 950 has
539 916 662 950 tristis
683 914 848 950 Latonia
868 927 981 950 voces

110 981 176 1004 ore
196 968 316 1004 dabat
331 981 339 1004 z
367 971 392 988 “
404 967 581 1016 graditur
596 967 743 1004 bellum
758 968 807 1003 ad
828 968 986 1004 crudele
1003 967 1176 1013 Camilla,
1208 971 1280 1004 535

111 1034 133 1057 o
153 1023 274 1070 virgo,
295 1025 337 1057 et
356 1023 498 1057 nostris
518 1024 756 1070 nequiquam
777 1024 948 1070 cingitur
967 1024 1094 1066 armis,

112 1088 197 1110 cara
209 1074 304 1110 mihi
317 1088 365 1109 an
373 1079 410 1110 te
422 1074 526 1110 alias.
558 1087 687 1123 neque
701 1077 806 1111 enim
818 1087 941 1111 novus
954 1076 1028 1111 iste
1044 1075 1193 1110 Dianae

112 1131 221 1164 venit
239 1141 346 1163 amor
365 1128 572 1177 subitaque
590 1130 764 1164 animum
784 1127 995 1165 dulcedine
1013 1131 1145 1165 movit.

111 1181 245 1230 pulsus
264 1182 313 1218 ob
333 1181 519 1217 invidiam
539 1194 662 1230 regno
681 1184 850 1231 virisque
870 1182 1057 1230 superbas

115 1235 300 1271 Priverno
317 1237 479 1284 antiqua
500 1235 684 1271 Metabus
704 1248 792 1271 cum
813 1235 1027 1272 excederet
1044 1235 1155 1281 urbe,
1207 1239 1282 1271 540

112 1288 305 1325 infantem
325 1288 481 1337 fugiens
500 1288 631 1325 media
649 1290 754 1324 inter
774 1289 921 1337 proelia
940 1288 1035 1325 belli

112 1342 270 1378 sustulit
286 1342 402 1378 exilio
421 1344 606 1378 comitem
626 1345 839 1391 matrisque
860 1345 1012 1378 vocavit

111 1398 270 1432 nomine
290 1395 510 1440 Casmillae,
530 1400 682 1431 mutata
700 1401 826 1444 parte,
846 1395 1057 1431 Camillam.

111 1452 194 1498 ipse
214 1451 298 1485 sinu
321 1462 412 1498 prae
433 1461 473 1485 se
494 1454 653 1497 portans
668 1451 759 1497 iuga
779 1449 896 1498 longa
911 1449 1075 1498 petebat

111 1502 279 1539 solorum
293 1515 497 1538 nemorum
513 1515 520 1545 ;
540 1502 622 1538 tela
634 1502 808 1552 undique
822 1515 934 1538 saeva
945 1503 1178 1552 premebant
1209 1507 1281 1539 545

112 1561 153 1592 et
173 1556 406 1592 circumfuso
426 1555 643 1592 volitabant
661 1556 787 1592 milite
808 1556 948 1592 Volsci.

112 1622 203 1646 ecce
224 1610 340 1658 fugae
360 1609 492 1645 medio
511 1612 671 1645 summis
692 1610 911 1646 Amasenus
930 1610 1135 1647 abundans

110 1663 318 1712 spumabat
338 1665 452 1711 ripis3
481 1668 616 1700 tantus
635 1676 676 1700 se
696 1664 866 1700 nubibus
886 1664 1012 1700 imber

111 1721 280 1765 ruperat.
337 1716 417 1762 ille,
437 1719 573 1753 innare
593 1729 746 1766 parans,
767 1717 928 1753 infantis
949 1729 1081 1754 amore

365 1859 409 1878 ⁵²⁶
433 1859 467 1890 in
483 1859 644 1900 speculis]
660 1859 695 1890 in
711 1859 846 1891 omitted
862 1860 912 1890 R:
933 1870 952 1890 e
967 1860 1042 1898 I⁷7².

364 1902 407 1920 ⁵²⁷
431 1912 582 1933 recessus
598 1903 635 1933 M
638 1903 691 1941 ΒΕ,
711 1901 826 1933 known
840 1907 872 1934 to
887 1902 1031 1934 Servius.

363 1944 408 1964 ⁵³³
431 1946 535 1976 sacris
551 1946 642 1976 socia
658 1946 695 1977 R.

364 1987 410 2007 ⁶³⁴²
431 1988 604 2030 conpellat
620 1989 659 2021 R.
695 1988 790 2020 tristi
806 1989 845 2021 R.

110 2035 186 2072 270
