1399 2271
647 65 838 102 VIRGIL

157 159 366 191 canentem
386 153 495 190 molli
514 153 646 202 pluma
666 153 823 190 duxisse
841 156 1056 197 senectam,

157 216 404 265 linquent-em
424 220 548 252 terras
570 220 611 252 et
629 214 757 251 sidera
774 227 869 251 voce
889 218 1134 263 sequentem,

158 278 269 323 iilius,
289 277 461 327 aequalis
480 280 689 314 comitatus
709 276 829 313 classe
849 281 1036 320 catervas,

157 342 363 389 ingentem
383 341 500 376 remis
520 338 761 375 Centaurum
779 342 1006 387 promovet:
1035 336 1102 372 ille
1258 337 1328 377 195

157 404 279 438 instat
296 414 421 451 aquae
440 414 655 450 saxumque
674 400 789 437 undis
807 402 979 436 immane
998 401 1170 434 minatur

157 463 313 509 arduus,
334 469 375 500 et
393 462 512 512 longa
531 462 657 499 sulcat
675 464 795 498 maria
814 461 893 498 alta
913 463 1052 497 carina.

214 524 285 561 Ille
306 527 425 562 etiam
445 527 581 574 patriis
599 536 743 572 agmen
764 525 842 560 ciet
863 523 997 560 Ocnus
1016 523 1066 559 ab
1085 524 1174 567 oris,

160 586 344 624 fatidicae
365 587 526 623 Mantus
547 591 589 623 et
607 586 723 623 Tusci
744 585 843 622 filius
862 587 1000 630 amnis,

159 652 225 699 qui
245 661 374 685 muros
394 650 607 697 matrisque
627 647 741 684 dedit
759 647 845 691 tibi,
868 646 1045 690 Mantua,
1066 658 1224 691 nomen,
1258 648 1333 680 200

161 711 338 756 Mantua,
351 710 460 747 dives
471 713 566 756 avis,
577 709 647 747 sed
661 723 739 745 non
753 721 878 758 genus
891 709 1071 745 omnibus
1085 721 1206 744 unum
1221 719 1230 744 :

159 785 258 822 gens
276 771 333 807 illi
352 770 511 821 triplex,
531 771 665 820 populi
684 771 755 807 sub
776 775 899 819 gente
919 771 1114 819 quaterni,

159 838 242 884 ipsa
261 839 380 883 caput
399 833 566 883 populis,
585 833 711 869 Tusco
731 832 782 869 de
801 835 992 881 sanguine
1013 834 1123 868 vires.

161 896 253 932 hinc
271 908 427 945 quoque
449 897 688 944 quingentos
707 897 747 930 in
767 906 809 930 se
831 894 1054 930 Mezentius
1074 897 1210 939 armat,

161 970 257 1007 quos
276 962 387 1006 patre
409 956 564 993 Benaco
584 956 736 992 velatus
752 955 972 992 harundine
992 955 1130 1004 glauca
1261 958 1334 990 ‘205

163 1020 332 1055 Mincius
351 1018 495 1055 infesta
513 1018 686 1055 ducebat
703 1020 745 1054 in
763 1030 932 1067 aequora
952 1019 1057 1066 pinu.

162 1085 194 1118 it
211 1083 338 1130 gravis
358 1080 544 1117 Aulestes
559 1085 807 1129 centenaque
827 1079 962 1115 arbore
983 1077 1143 1115 fluctum

162 1142 342 1178 verberat
353 1140 569 1190 adsurgens
584 1153 593 1185 ;
612 1145 798 1189 spumant
809 1139 908 1175 vada
920 1152 1111 1176 marmore
1126 1152 1246 1175 verso.

162 1203 267 1240 hunc
287 1203 396 1239 vehit
415 1205 594 1239 immanis
613 1202 752 1240 Triton
773 1207 814 1239 et
833 1201 988 1238 caerula
1007 1201 1156 1238 concha
1259 1213 1336 1237 MPR

164 1270 366 1301 exterrens
387 1264 500 1310 freta,
522 1268 581 1300 cui
603 1264 771 1301 laterum
791 1269 908 1300 tenus
927 1263 1082 1312 hispida
1101 1265 1211 1299 nanti
1262 1267 1336 1298 ‘210

166 1327 271 1363 frons
292 1326 493 1364 hominem
514 1327 700 1376 praefert,
720 1329 759 1362 in
778 1328 932 1375 pristim
951 1325 1097 1362 desinit
1115 1325 1247 1370 alvus;

164 1401 325 1437 spumea
343 1387 526 1425 semifero
546 1389 617 1424 sub
637 1393 797 1437 pectore
816 1392 1034 1423 murmurat
1053 1386 1168 1424 unda.

164 1454 225 1486 tot
242 1449 336 1485 lecti
356 1462 536 1498 proceres
555 1454 617 1486 ter
637 1449 750 1486 denis
770 1449 933 1485 navibus
952 1449 1064 1485 ibant

164 1511 335 1548 subsidio
354 1511 493 1548 Troiae
513 1516 555 1548 et
574 1523 731 1560 campos
751 1510 840 1547 salis
860 1523 950 1547 aere
969 1511 1167 1547 secabant.

218 1573 379 1622 Iamque
399 1572 483 1610 dies
503 1573 611 1609 caelo
631 1577 878 1609 concesserat
897 1571 1077 1621 almaque
1097 1585 1210 1609 curru
1262 1576 1336 1608 215

164 1638 371 1684 noctivago
394 1635 551 1672 Phoebe
571 1634 746 1671 medium
766 1633 948 1683 pulsabat
967 1633 1207 1683 Olympum:

165 1698 319 1734 Aeneas
340 1696 487 1746 (neque
507 1699 613 1733 enim
632 1696 819 1732 membris
839 1695 908 1732 dat
928 1708 1020 1732 cura
1039 1694 1234 1747 quietem)

165 1762 246 1808 ipse
267 1759 409 1795 sedens
429 1759 660 1808 clavumque
681 1759 785 1807 regit
805 1757 979 1806 velisque
998 1759 1206 1795 ministrat.

297 1836 341 1856 ¹⁹⁴²
364 1836 500 1877 aequali
515 1836 579 1867 111¹.
671 1835 716 1854 ²⁰²
738 1834 806 1865 illis
831 1835 866 1866 V.
967 1834 1011 1854 ⁸⁰⁷
1035 1833 1161 1866 fluetus
1178 1835 1216 1866 R.

203 1919 214 1939 ²
238 1920 279 1951 In
295 1919 355 1951 the
372 1920 538 1959 territory
555 1918 590 1950 of
606 1919 752 1950 Mantua
768 1928 856 1949 were
873 1918 970 1948 three
987 1928 1091 1955 races,
1111 1919 1192 1949 each
1213 1923 1338 1950 master

164 1962 198 1994 of
215 1962 292 1994 four
308 1963 416 1994 cities.
466 1962 558 1995 Once
574 1961 662 1993 head
679 1961 714 1993 of
729 1973 748 1992 a
764 1960 990 2003 confederaey
1006 1961 1041 1993 of
1065 1962 1189 1993 twclve
1205 1962 1337 1995 Tuscan

171 2010 243 2043 184-
