1399 2271
602 63 755 103 VIRGI
761 64 793 102 L

105 154 297 205 quidquid
317 158 359 191 et
378 158 423 191 ut
441 154 607 204 quisque
627 157 690 190 est
706 151 777 190 tali
795 152 847 190 de
866 151 979 189 clade
997 151 1164 199 loeutus,

106 219 256 254 somnia
274 220 391 253 sunt:
418 218 550 265 potius
569 214 688 252 liceat
706 219 913 252 notescere
934 215 1041 251 Cirin
1230 218 1279 258 90

106 284 226 329 atque
245 291 365 315 unam
384 290 433 315 ex
450 277 587 314 multis
606 276 778 327 Scyllam
798 289 880 313 non
900 289 985 313 esse
1005 276 1158 325 puellis.

160 340 292 387 Quare
311 352 413 390 quae
433 344 572 376 cantus
591 338 804 376 meditanti
822 341 985 375 mittere
1005 351 1142 375 caecos

107 416 250 452 magna
268 401 366 438 mihi
386 400 530 451 cupido
548 401 741 438 tribuistis
760 402 947 450 praemia,
966 399 1080 436 divae

110 464 296 510 Pierides,
316 477 480 514 quarum
500 469 627 500 castos
645 462 783 499 altaria
801 464 924 511 postis

107 540 272 565 munere
290 539 408 576 saepe
423 538 512 562 meo
527 525 720 570 inficiunt,
735 524 961 574 foribusque
976 523 1179 574 hyacinthi
1233 528 1282 567 95

108 590 316 639 deponunt
335 588 448 624 flores
467 592 537 624 aut
555 599 674 624 suave
694 587 840 623 rubens
859 588 1054 622 narcissus

108 653 178 685 aut
197 660 332 684 crocus
351 646 504 683 alterna
525 648 769 694 coniungem
789 645 870 681 lilia
889 644 1021 681 caltha

109 722 320 760 sparsaque
338 708 538 745 liminibus
559 707 671 744 floret
691 720 788 752 rosa,
807 720 914 743 nunc
933 720 1019 756 age,
1038 707 1164 752 divae,

111 774 321 822 praecipue
341 775 475 807 nostro
495 782 601 806 nnnc
620 771 789 819 aspirate
808 768 933 805 labori

111 840 230 885 atque
245 846 390 870 novum
404 838 569 869 aeterno
583 834 806 882 praetexite
821 831 969 868 honore
986 831 1180 868 volumen.
1217 836 1288 868 100

164 896 267 934 Sunt
288 895 512 932 Pandioniis
533 896 684 930 ‹n’cinae
702 893 862 930 sedibus
881 894 998 930 urbes

112 961 283 996 Actaeos
301 960 407 994 inter
426 957 545 993 colles
565 962 606 993 et
626 955 792 992 candida
811 955 957 992 Thesei

114 1022 318 1071 purpureis
337 1019 419 1057 late
438 1018 609 1055 ridentia
627 1017 742 1054 litora
762 1016 934 1062 conchis,

113 1095 277 1133 quarum
297 1093 377 1117 non
397 1080 466 1116 ulli
486 1079 588 1115 fama
609 1078 827 1116 concedere
848 1078 968 1127 digna

114 1150 193 1182 stat
214 1145 391 1192 Megara,
411 1141 596 1179 Alcathoi
614 1139 814 1191 quondam
832 1143 984 1177 munita
1005 1141 1150 1187 labore,
1219 1147 1290 1179 105

116 1204 299 1242 Alcathoi
322 1203 549 1253 Phoebique
566 1217 573 1239 :
602 1202 699 1239 deus
719 1214 889 1252 namque
909 1202 1037 1239 adfuit
1056 1202 1137 1247 illi3

116 1267 222 1305 unde
242 1270 361 1303 etiam
382 1265 556 1302 citharae
576 1277 690 1301 voces
709 1267 885 1301 imitatus
904 1269 1038 1301 acutas

116 1342 234 1379 saepe
253 1328 350 1377 lapis
370 1333 549 1377 recrepat
570 1326 747 1376 Cyllenia
766 1339 965 1362 murmura
983 1325 1118 1375 pulsus

116 1397 160 1430 et
178 1396 354 1428 veterem
374 1392 505 1426 sonitu
528 1388 675 1424 Phoebi
694 1392 866 1424 testatur
883 1400 1068 1424 amorem.

117 1453 218 1490 hanc
234 1452 384 1496 urbem,
399 1455 493 1487 ante
512 1449 606 1486 alios
626 1451 694 1499 qui
713 1454 799 1485 tum
819 1448 980 1485 florebat
1000 1451 1040 1484 in
1060 1451 1189 1495 armis,
1222 1454 1293 1486 110

117 1515 266 1553 fecerat
285 1512 471 1550 infestam
490 1511 698 1561 populator
717 1512 865 1560 remige
886 1510 1030 1556 Minos,

118 1577 289 1626 hospitio
308 1573 413 1625 quod
432 1586 474 1611 se
494 1573 580 1610 Nisi
602 1571 784 1622 Polyidos
802 1574 908 1608 avito

162 1656 190 1673 ⁰
213 1654 343 1685 somnia
359 1656 441 1683 sunt
457 1650 620 1683 Heinsius
632 1661 644 1681 .·
666 1649 781 1681 omnia
796 1656 876 1680 sunt
894 1650 962 1681 iam
978 1649 1055 1681 Nisi
1073 1650 1150 1683 Leo.

162 1703 192 1759 ζ*
211 1697 346 1770 ῗίιῖῖέξ
359 1694 540 1768 cfirhiorseii’
577 1735 711 1776 Unger:
754 1734 942 1783 alabastria
971 1735 1104 1776 Bergk:
1144 1735 1293 1778 calparia

118 1783 260 1821 Haupt:
281 1781 426 1822 anparia
450 1779 589 1811 Wnnton.
681 1778 710 1798 ’⁵
732 1776 941 1819 floribusque
955 1778 1032 1809 AR.

162 1826 206 1846 ¹⁰⁵
229 1824 391 1856 Alcathoi
422 1822 584 1854 Ribbeck:
614 1821 762 1853 Acthei:
797 1821 904 1862 Argei
929 1820 1103 1853 Heinsius.
1160 1822 1294 1854 munita

118 1868 244 1900 Aldine
262 1868 365 1900 1517:
389 1873 536 1897 mutata.

162 1911 207 1931 ¹⁰⁰
227 1909 341 1942 decus.
661 1907 704 1926 ¹⁰⁷
728 1906 911 1937 imitantur
929 1906 1045 1939 HLA.

162 1954 207 1974 ¹⁰⁸
228 1963 370 1984 munera
390 1952 472 1984 HA.
662 1950 705 1970 ¹⁰³
728 1949 889 1980 honorem
907 1949 988 1982 HL.

165 1998 207 2016 ²¹⁰
231 2001 313 2027 tunc
328 1994 406 2028 AB.

125 2050 143 2078 ι
153 2048 165 2078 1
175 2046 196 2078 2
