1399 2271
646 95 836 132 VIRGIL

149 185 332 220 ductores
353 183 627 232 tumulumque
648 185 766 231 capit,
786 195 863 232 quo
883 187 1014 219 cetera
1033 182 1232 218 Teucrum'

148 249 346 283 concurrit
365 245 481 294 legio,
501 258 575 281 nec
595 249 705 280 scuta
724 249 794 281 aut
812 244 960 293 spicula
980 243 1091 280 densi

146 309 364 358 deponunt.
421 305 526 343 celso
545 306 698 343 medius
717 310 825 342 stans
844 318 989 354 aggere
1009 304 1135 342 fatur:

147 376 228 407 “ne
241 384 318 419 qua
329 371 427 405 meis
440 373 525 405 esto
537 367 654 405 dictis
667 380 791 411 mora;
813 367 992 416 Iuppiter
1005 367 1077 403 hac
1090 373 1188 412 stat;
1249 368 1322 407 565

146 447 223 470 neu
243 435 329 481 quis
349 432 398 467 ob
418 433 622 480 inceptum
642 431 816 467 subitum
835 429 932 466 mihi
952 432 1109 479 segnior
1127 433 1193 468 ito,

146 496 284 531 urbem
303 493 434 538 hodie,
454 505 609 529 causam
629 492 736 538 belli,
757 504 880 541 regna
899 494 982 540 ipsa
1003 491 1148 538 Latini,

144 560 184 593 ni
204 557 359 593 frenum
379 557 556 603 accipere
576 558 619 591 et
638 555 731 590 victi
751 566 889 602 parere
909 552 1097 599 fatentur,

144 631 278 656 eruam
298 623 340 655 et
359 629 483 666 aequa
503 615 585 652 solo
605 615 796 652 fumantia
816 615 987 651 culmina
1007 628 1160 664 ponam.

143 680 294 717 scilicet
314 683 554 728 exspectem,
574 677 698 714 libeat
717 677 811 714 dum
831 677 980 727 proelia
999 677 1131 714 Turno
1245 681 1321 719 570

143 748 275 779 nostra
294 743 376 791 pati
395 752 604 790 rursusque
625 739 721 776 velit
740 752 972 776 concurrere
992 742 1144 777 victus?

143 804 216 840 hoc
237 808 368 852 caput,
387 815 410 838 o
430 804 545 847 cives,
566 800 663 837 haec
683 799 778 838 belli
797 814 949 838 summa
967 800 1141 839 nefandi.

142 867 245 902 ferte
260 864 365 901 faces
380 876 547 913 propere
564 862 782 913 foedusque
797 865 992 913 reposcite
1007 863 1208 902 flammis.”

141 928 307 971 dixerat,
327 930 447 975 atque
466 927 605 961 animis
625 927 772 973 pariter
792 925 1036 962 certantibus
1056 938 1193 963 omnes

140 989 238 1025 dant
258 1000 427 1024 cuneum
447 986 648 1036 densaque
668 986 718 1022 ad
737 999 867 1023 muros
887 986 990 1023 mole
1011 986 1202 1025 feruntur.
1244 991 1318 1028 575

140 1050 266 1087 scalae
286 1050 496 1098 improviso
515 1049 747 1097 subitusque
767 1050 948 1097 apparuit
967 1051 1079 1098 ignis.

139 1112 363 1149 discurrunt
382 1110 446 1146 alii
466 1110 515 1146 ad
535 1115 667 1159 portas
686 1113 910 1160 primosque
930 1111 1143 1157 trucidant,

139 1175 286 1211 ferrum
305 1172 370 1209 alii
390 1177 580 1222 torquent
599 1177 642 1209 et
660 1172 898 1209 obumbrant
916 1172 1079 1210 aethera
1098 1174 1198 1212 telis.

138 1239 221 1285 ipse
241 1238 345 1272 inter
366 1236 510 1283 primos
531 1233 711 1271 dextram
732 1235 803 1270 sub
823 1237 978 1271 moenia
998 1235 1130 1272 tendit

138 1297 294 1333 Aeneas
314 1309 535 1345 magnaque
555 1297 709 1332 incusat
729 1309 823 1332 voce
846 1296 1031 1333 Latinum
1241 1303 1316 1335 580

137 1363 385 1407 testaturque
405 1356 512 1402 deos,
533 1359 677 1393 iterum
697 1370 739 1394 se
758 1357 807 1393 ad
827 1357 975 1406 proelia
995 1361 1094 1408 cogi,

137 1420 195 1455 bis
214 1422 289 1455 iam
311 1418 432 1455 Italos
451 1418 586 1463 hostis,
607 1419 704 1455 haec
724 1419 848 1456 altera
868 1419 1028 1456 foedera
1048 1423 1185 1470 rumpi.

136 1483 309 1517 excritur
329 1479 504 1529 trepidos
523 1483 628 1517 inter
647 1480 841 1517 discordia
860 1483 953 1518 civis
969 1497 975 1519 :

135 1543 273 1579 urbem
291 1541 357 1578 alii
377 1555 550 1578 reserare
570 1542 711 1579 iubent
731 1547 773 1579 et
790 1543 965 1592 pandere
986 1549 1117 1593 portas

136 1603 372 1640 Dardanidis
391 1606 598 1653 ipsumque
617 1603 784 1641 trahunt
801 1607 842 1640 in
862 1608 1016 1642 moenia
1036 1618 1196 1655 regem3
1237 1612 1310 1645 585

132 1678 239 1700 arma
258 1664 392 1701 ferunt
411 1664 476 1700 alii
496 1669 538 1702 et
556 1670 729 1714 pergunt
749 1665 967 1703 defendere
987 1680 1138 1706 muros:

133 1727 301 1764 inclusas
321 1732 366 1764 ut
385 1740 474 1763 cum
495 1726 691 1764 latebroso
710 1730 751 1764 in
771 1730 927 1777 pumice
947 1734 1079 1777 pastor

138 1791 342 1837 vestigavit
361 1802 454 1838 apes
474 1788 661 1839 fumoque
680 1789 861 1838 implevit
879 1803 1021 1836 amaro,

131 1850 221 1886 illae
240 1853 347 1887 intus
367 1850 546 1900 trepidae
566 1864 697 1888 rerum
716 1864 788 1901 per
806 1865 919 1889 cerea
938 1858 1064 1889 castra

130 1911 356 1948 discurrunt
375 1915 606 1962 magnisque
626 1918 773 1949 acuunt
792 1913 1023 1951 stridoribus
1043 1916 1140 1959 iras3
1233 1919 1308 1958 590

300 1974 344 1992 ⁵²³⁵
368 1974 500 2005 fatetur
517 1975 576 2006 Ml.
694 1976 739 1996 ⁵⁸²
762 1977 845 2008 haec
862 1977 929 2008 iam
945 1977 1055 2009 altera
1072 1978 1133 2010 Μ’.

131 2055 205 2088 338
298 2017 341 2036 ⁶⁵⁷
365 2020 405 2048 ut
422 2019 513 2058 cum]
530 2018 639 2050 veluti
657 2020 702 2051 M.
