1399 2271
627 53 819 90 VIRGIL

133 153 230 191 quae
251 139 539 190 Colophoniaco
559 139 712 190 Scyllae
732 139 915 177 dieantur
935 141 1123 179 Homero,
1255 139 1304 178 65

134 198 214 244 ipse
236 194 418 231 Crataein
437 197 494 230 ait
512 199 704 237 matrem;
731 194 803 231 sed
822 197 902 230 sive
923 194 1111 240 Crataeis,

132 251 212 285 sive
231 247 338 284 illam
358 253 533 284 monstro
553 250 758 296 generavit
777 247 956 284 Echidna
975 247 1143 294 biformi,

133 304 212 338 sive
232 307 293 338 est
312 306 453 338 neutra
472 314 612 350 parens
631 306 752 350 atque
771 300 846 337 hoc
864 303 906 337 in
925 304 1096 338 carmine
1116 307 1203 338 toto

134 358 304 405 inguinis
324 360 385 392 est
403 357 544 391 vitium
564 360 605 391 et
626 354 790 391 Veneris
809 354 1006 403 descripta
1024 355 1170 399 libido3

134 413 213 446 sive
233 412 353 446 etiam
373 411 483 445 iactis
503 411 675 457 speciem
696 413 850 445 mutata
869 411 1033 444 venenis
1257 410 1308 448 70

134 462 271 499 infelix
290 465 399 512 virgo
418 461 531 512 (quid
551 464 658 498 enim
677 464 926 498 commiserat
944 461 1038 497 illa?

134 520 216 566 ipse
236 521 349 566 pater
367 516 547 553 timidam
567 529 681 552 saeva
700 515 928 564 complexus
947 515 1095 551 harena

133 573 359 620 coniugium
379 575 508 606 castae
529 569 741 605 violaverat
758 568 1039 618 Amphitrites)
1256 567 1304 605 73

133 624 327 661 horribilis
347 626 492 659 circum
513 623 612 659 vidit
631 635 672 659 se
692 625 831 659 sistere
849 621 1007 667 formas,
1260 622 1310 658 80

135 678 212 715 heu
231 680 414 727 quotiens
434 679 575 712 mirata
593 688 714 713 novos
733 675 925 724 expalluit
943 681 1064 720 artus,
1260 675 1306 711 81

135 735 216 781 ipsa
236 744 324 767 suos
344 733 526 780 quotiens
545 729 623 766 heu
643 732 849 778 pertimuit
865 728 1055 765 latratus}
1261 729 1309 765 82

134 791 175 822 at
193 790 328 821 tamen
350 787 484 833 exegit
503 783 621 832 longo
641 788 729 832 post
748 788 927 831 tempore
947 795 1106 831 poenas,
1262 782 1309 819 74

136 844 181 876 ut
200 852 288 875 cum
309 851 400 874 cura
420 850 512 874 suae
532 837 744 873 veheretur
763 838 939 885 coniugis
958 835 1052 880 alto,
1262 837 1309 874 75

135 896 218 942 ipsa
236 897 390 928 trucem
409 891 535 927 multo
555 893 739 927 misceret
757 893 948 938 sanguine
968 894 1134 938 pontum
1150 900 1159 931 ;

137 959 205 983 seu
221 958 325 989 vero,
343 950 385 981 ut
401 944 626 993 perhibent,
642 943 767 979 forma
783 956 871 979 cum
887 945 1065 979 vinceret
1079 945 1205 979 omnis

137 1005 178 1036 et
198 998 359 1048 cupidos
379 1003 544 1047 quaestu
563 1000 706 1046 passim
726 996 934 1045 popularet
952 1001 1141 1041 amantes,

137 1053 306 1102 piscibus
328 1057 369 1088 et
389 1052 626 1100 canibusque
646 1050 757 1086 malis
778 1049 921 1085 vallata
939 1054 1106 1098 repente
1127 1053 1188 1086 est
1262 1048 1310 1086 79

137 1120 228 1143 ausa
247 1105 351 1155 quod
372 1110 433 1141 est
451 1104 592 1140 mulier
611 1116 759 1140 numen
778 1102 958 1139 fraudare
977 1102 1141 1139 deorum
1263 1102 1310 1139 83

139 1166 180 1197 et
199 1159 347 1196 dictam
368 1158 512 1194 Veneri
534 1163 624 1193 voto
643 1160 906 1193 intervertere
926 1169 1107 1205 poenam,

138 1226 253 1263 quam
265 1212 367 1248 mala
379 1211 588 1260 multiplici
603 1214 789 1247 iuvenum
801 1214 1013 1258 consaepta
1025 1215 1181 1245 caterva
1263 1213 1310 1246 85

138 1268 291 1303 dixerat
309 1271 429 1314 atque
448 1267 579 1300 animo
597 1266 785 1300 meretrix
804 1266 949 1300 iactata
967 1262 1151 1307 ferarum,

139 1320 325 1357 infamem
346 1319 414 1355 tali
435 1321 576 1354 merito
594 1330 749 1354 rumore
768 1316 901 1361 fuisse,

138 1374 254 1410 docta
276 1372 560 1421 Palaepaphiae
578 1375 749 1408 testatur
767 1383 862 1407 voce
884 1369 1100 1419 Pachynus.

183 1438 210 1456 ⁶⁵
234 1436 399 1468 dicuntur
414 1436 492 1467 AR.

183 1481 211 1499 ⁵⁸
233 1481 282 1511 ait
305 1480 442 1520 Heyne:
464 1479 493 1510 ei
510 1478 617 1519 Silliy.
666 1477 836 1517 Crataeis]
851 1476 996 1509 erithei:
1022 1476 1185 1508 Hecateis
1202 1476 1294 1508 Ellis.

182 1523 210 1542 ⁵⁷
234 1523 411 1564 generavit
429 1521 584 1553 Echidna
601 1521 778 1552 Housman
791 1531 801 1551 .·
823 1521 944 1562 genuit
959 1530 1118 1561 gravena.

183 1566 212 1585 ⁷⁰
235 1566 349 1604 iactis]
367 1565 498 1596 exactis
514 1563 604 1596 LA2.

182 1609 210 1628 ⁷²
233 1609 349 1647 saeva]
364 1608 436 1638 sola
453 1607 612 1638 chardi:
634 1608 722 1637 sicea
743 1606 873 1646 Haupt.

183 1651 258 1670 ⁷³⁴³
281 1650 535 1691 transpositions
550 1651 615 1681 due
630 1656 662 1680 to
684 1649 905 1681 Hficzenstein.

183 1695 210 1714 ⁷⁵
233 1695 329 1733 suae]
352 1701 454 1725 tuae:
483 1694 537 1724 sui
561 1693 709 1724 Loensis.
764 1692 906 1724 Vollmer
936 1691 1135 1732 conjectures
1165 1694 1206 1722 ut
1238 1701 1314 1721 cum

139 1742 312 1769 curvatae.

181 1780 208 1800 ⁷⁹
231 1781 281 1819 et]
307 1780 372 1811 heu
400 1779 577 1811 Schwabe:
607 1789 646 1809 en
680 1778 767 1809 Leo:
796 1777 880 1810 haee
910 1776 1007 1809 Ellis.
1057 1776 1125 1807 Leo
1151 1786 1315 1816 arr-any&

140 1823 236 1854 thus:
258 1824 309 1861 78,
329 1824 380 1860 83,
400 1824 451 1858 84.
472 1823 522 1859 79,
541 1822 591 1854 SO.

184 1867 212 1884 ὃ*
234 1869 316 1897 voto
332 1866 559 1896 intervertere
575 1864 672 1903 Silliq
685 1874 696 1895 .·
719 1866 878 1895 votorum
901 1866 1045 1894 vertere.

184 1909 212 1927 ⁸⁵
235 1916 421 1949 consaepta
436 1907 556 1948 Silliy:
577 1907 670 1948 quod
687 1911 819 1948 saepta.

183 1952 212 1971 ⁸⁶
235 1951 325 1982 vixit
341 1958 483 1992 eratque
500 1951 631 1990 Haupt.

184 1995 212 2013 ⁸⁷
236 1995 359 2025 merito
374 2004 510 2024 rumore
527 1992 663 2024 Loensis
676 2003 686 2023 ,·
708 1992 910 2023 meritorum
926 2001 1027 2022 more.

184 2037 212 2056 ⁸⁵
239 2037 460 2078 Palaephatia
477 2062 483 2068 .
505 2060 513 2067 .
534 2061 541 2068 .
560 2045 712 2078 papyrus
728 2035 855 2067 Aldine
871 2034 994 2066 edition
1013 2034 1102 2067 1517.
