1399 2271
643 84 833 121 VIRGIL

151 173 280 209 exitio.
339 173 482 220 passim
501 183 637 208 somno
656 173 825 221 vinoque
845 184 915 220 per
934 171 1097 208 herbam

153 243 312 280 corpora
330 230 416 266 fusa
436 229 586 276 vident,
605 235 776 266 arrectos
795 230 910 267 litore
931 243 1077 276 currus,

152 292 256 326 inter
273 289 355 325 lora
374 293 558 338 rotasque
578 291 692 334 viros,
712 289 826 325 simul
847 301 953 325 arma
971 291 1111 335 iacere,

153 351 241 385 vina
261 348 386 385 simul.
445 350 549 398 prior
570 347 809 397 Hyrtacides
830 350 883 384 sic
903 361 969 384 ore
989 348 1143 385 locutus
1160 360 1170 386 :

153 412 176 429 “
190 407 371 458 Euryale,
384 407 612 444 audendum
624 406 782 451 dextra3
802 420 907 443 nunc
919 409 1003 456 ipsa
1014 412 1128 444 vocat
1140 420 1212 444 res.
1249 412 1324 444 320

153 468 225 504 hac
239 470 316 504 iter
331 472 402 504 est.
455 471 511 512 tu,
527 479 578 503 ne
594 479 671 516 qua
684 479 823 502 manus
843 479 884 503 se
903 466 1086 503 attollere
1106 467 1218 503 nobis

152 540 174 563 a
193 532 306 576 tergo
326 528 461 575 possit,
481 525 635 562 custodi
655 529 696 562 et
716 524 876 561 consule
895 524 1037 574 longe;

154 586 250 622 haec
271 597 345 634 ego
365 589 473 621 vasta
493 583 594 620 dabo
615 589 656 620 et
675 584 755 619 lato
775 589 816 620 te
836 583 962 620 limite
983 584 1160 620 ducam.’¹

153 646 207 680 sic
221 648 413 680 memorat
425 655 640 691 vocemque
653 644 815 691 premit;
836 642 950 678 simul
965 655 1058 679 ense
1072 643 1284 692 superbum

158 703 420 739 Rhamnetem
438 701 681 751 adgreditur,
702 704 768 751 qui
788 701 891 738 forte
912 703 1112 750 tapetibus
1131 703 1220 739 altis
1255 706 1328 739 325

154 766 376 799 exstructus
396 766 481 797 toto
502 760 692 809 proflabat
710 765 871 809 pectore
892 774 1085 807 somnum,

154 834 222 857 rex
241 820 347 857 idem
367 825 408 856 et
427 822 511 869 regi
531 820 664 856 Turno
684 822 927 868 gratissimus
946 833 1094 869 augum

156 879 226 916 sed
246 891 325 915 non
345 880 508 927 augurio
527 880 658 926 potuit
677 877 879 926 depellere
900 883 1064 927 pestem.

156 940 226 975 tris
245 940 354 974 iuxta
374 937 539 973 famulos
560 942 711 973 temere
731 939 836 973 inter
856 938 935 974 tela
955 941 1119 976 iacentis

154 1000 471 1046 armigerumque
486 996 597 1032 Remi
611 998 754 1045 premit
765 999 1020 1046 aurigamque
1035 998 1107 1034 sub
1123 999 1215 1047 ipsis
1258 1001 1331 1034 330

155 1061 292 1092 nactus
313 1058 423 1105 equis
443 1055 625 1104 ferroque
646 1059 753 1091 secat
771 1055 989 1104 pendentia
1009 1056 1130 1100 colla3

157 1120 241 1151 tum
254 1119 373 1163 caput
385 1116 458 1163 ipsi
471 1113 601 1150 aufert
614 1113 774 1150 domino
786 1119 1050 1164 truncumque
1063 1116 1252 1166 relinquit

156 1176 347 1223 sanguine
367 1172 677 1222 singultantem3
706 1177 790 1209 atro
810 1173 1010 1222 tepefacta
1030 1188 1164 1212 cruore

156 1239 259 1270 terra
291 1234 446 1282 torique
478 1231 653 1268 madent.
711 1244 786 1269 nec
818 1245 898 1269 non
936 1233 1228 1285 Lamyrumque

264 1291 509 1341 Lamumque

156 1356 197 1388 et
217 1354 399 1387 iuvenem
420 1350 643 1395 Serranum,
662 1349 729 1386 illa
748 1353 815 1400 qui
835 1350 1002 1400 plurima
1022 1356 1138 1389 noete
1258 1357 1331 1390 335

155 1411 316 1455 luserat,
335 1411 498 1457 insignis
518 1408 630 1454 facie,
651 1408 856 1459 multoque
877 1411 1030 1447 iacebat

157 1470 333 1506 membra
353 1468 428 1505 deo
449 1471 599 1512 victus;
628 1467 735 1513 felix,
757 1471 788 1504 si
809 1471 987 1517 protinus
1008 1469 1119 1506 illum

155 1533 362 1578 aequasset
380 1529 488 1564 nocti
508 1526 645 1563 ludum
666 1529 706 1563 in
726 1527 934 1577 lucemque
955 1528 1121 1566 tulisset.

157 1591 346 1637 impastus
365 1599 437 1624 eeu
458 1586 575 1635 plena
594 1586 657 1623 leo
676 1599 747 1635 per
767 1587 882 1622 ovilia
901 1588 1064 1624 turbans

155 1645 313 1696 (suadet
326 1647 431 1682 enim
446 1657 587 1681 vesana
601 1643 742 1695 fames)
755 1645 987 1695 manditque
1001 1646 1201 1697 trahitque
1259 1652 1333 1685 340

156 1705 274 1741 molle
295 1718 413 1754 pecus
429 1709 663 1753 mutumque
678 1709 802 1749 metu,
819 1704 953 1741 fremit
968 1718 1034 1741 ore
1050 1711 1224 1743 cruento.

159 1777 232 1801 nec
252 1767 378 1800 minor
398 1763 558 1812 Euryali
579 1763 743 1809 caede33
772 1766 954 1800 incensus
976 1769 1017 1801 et
1037 1767 1120 1814 ipse

154 1823 322 1872 perfurit
337 1836 380 1859 ac
395 1823 560 1858 multam
577 1824 616 1858 in
633 1822 763 1858 medio
779 1825 862 1859 sine
880 1825 1038 1860 nomine
1055 1824 1228 1873 plebem,

409 1945 452 1963 ³¹⁶
477 1943 630 1974 umbram
652 1945 686 1974 H.
779 1944 822 1963 3²⁹
848 1944 931 1983 tela]
948 1944 1019 1975 lora
1036 1945 1076 1977 R,

409 1987 454 2007 ³⁴¹
477 1987 691 2028 multumque
708 1986 845 2018 M¹P¹R.

161 2036 233 2068 134
