1399 2271
641 65 832 102 VIRGIL

148 151 398 202 Tyrrhenum
418 152 577 200 genitor
595 149 842 188 Tarchonem
859 151 900 187 in
920 149 1068 199 proelia
1086 161 1200 186 saeva

147 212 311 247 suscitat
330 215 372 247 et
390 209 559 247 stimulis
577 209 684 246 haud
703 208 885 246 mollibus
905 210 1050 245 incutit
1068 210 1153 244 iras.

148 282 242 318 ergo
261 271 367 306 inter
386 269 527 306 caedes
545 268 808 318 cedentiaque
827 270 985 317 agmina
1003 267 1184 304 Tarchon

147 328 272 365 fertur
291 341 393 377 equo
413 330 605 378 variisque
625 330 790 377 instigat
809 328 968 364 vocibus
986 326 1078 372 alas,
1248 328 1323 365 730

147 389 305 423 nomine
319 399 515 436 quemque
528 399 681 432 vocans,
695 387 898 435 reficitque
911 388 951 422 in
963 385 1110 434 proelia
1123 385 1264 434 pulsos.

147 450 172 466 “
185 448 270 495 quis
282 451 424 491 metus,
439 459 460 482 o
474 459 687 495 numquam
701 445 874 491 dolituri,
887 457 910 481 o
922 457 1078 494 semper
1093 447 1240 481 inertes

147 504 354 554 Tyrrheni,
375 517 475 554 quae
495 510 607 541 tanta
627 507 765 541 animis
785 506 940 553 ignavia
959 505 1096 540 venit?

147 563 293 599 femina
313 563 480 612 palantis
499 566 582 613 agit
601 568 720 613 atque
742 563 839 599 haee
859 565 1016 612 agmina
1036 561 1183 599 vertit?

146 635 224 671 quo
237 621 382 659 ferrum
396 622 539 671 quidve
552 622 649 659 haec
662 624 834 671 gerimus
849 622 928 658 tela
941 624 1058 658 inrita
1070 620 1247 658 dextris?

146 686 187 717 at
205 694 285 716 non
305 683 344 716 in
366 680 562 717 Venerem
583 693 725 729 segnes
746 685 1018 730 nocturnaque
1039 679 1144 717 bella
1248 679 1323 719 736

146 745 215 776 aut
234 740 298 775 ubi
320 752 436 775 curva
456 738 593 776 choros
612 739 755 775 indixit
774 739 871 775 tibia
891 738 1044 775 Bacchi.
1266 751 1323 775 MR

147 803 375 847 exspectate
396 797 517 847 dapes
538 803 579 834 et
597 797 739 846 plenae
760 797 900 846 pocula
918 810 1077 834 mensae

146 856 227 906 (hic
239 870 358 901 amor,
372 856 445 892 hoc
458 855 662 906 studium),
676 856 769 893 dum
783 869 890 893 sacra
902 856 1097 893 secundus
1110 856 1305 907 haruspex

146 918 307 952 nuntiet
325 929 369 952 ac
389 914 497 951 lucos
516 921 630 952 vocet
650 915 777 952 hostia
797 917 954 964 pinguis
973 918 1013 952 in
1033 916 1171 953 altos.''
1248 919 1323 955 740

146 973 242 1010 haec
264 974 401 1010 effatus
422 986 566 1023 equum
587 976 626 1009 in
646 973 808 1019 medios,
830 976 1038 1010 moriturus
1058 980 1100 1011 et
1119 977 1215 1023 ipse,

122 1026 126 1031 ’
147 1035 319 1068 concitat
339 1037 380 1068 et
401 1032 554 1068 Venulo
574 1031 781 1069 adversum
801 1045 842 1069 se
863 1032 1043 1069 turbidus
1063 1033 1185 1070 infert

146 1091 434 1140 dereptumque
448 1091 496 1127 ab
510 1103 610 1140 equo
624 1091 762 1127 dextra
775 1090 1051 1140 complectitur
1064 1091 1217 1128 hostem

147 1155 188 1186 et
207 1152 402 1199 gremium
421 1155 515 1186 ante
535 1163 647 1186 suum
668 1149 793 1186 multa
813 1152 849 1185 vi
871 1153 1046 1186 concitus
1066 1150 1206 1188 aufert.

147 1209 300 1245 tollitur
319 1211 358 1244 in
380 1208 531 1245 caelum
553 1208 698 1245 clamor
717 1211 926 1258 cunctique
950 1209 1080 1246 Latini
1248 1213 1321 1249 745

147 1272 378 1304 convertere
391 1267 533 1304 oculos.
573 1267 678 1303 volat
690 1270 831 1316 igneus
843 1280 1012 1317 aequore
1025 1267 1218 1313 Tarchon,

146 1339 252 1361 arma
265 1328 468 1374 virumque
481 1325 611 1362 serens
627 1339 635 1369 ;
658 1331 740 1362 turn
754 1339 904 1362 summa
916 1329 1036 1375 ipsius
1047 1327 1096 1362 ab
1109 1326 1221 1364 hasta

147 1384 337 1433 defringit
357 1383 503 1420 ferrum
524 1389 565 1420 et
586 1386 706 1432 partis
726 1387 889 1421 rimatur
907 1390 1074 1434 apertas,

146 1456 222 1492 qua
243 1443 380 1479 volnus
400 1443 520 1479 letale
541 1442 665 1486 ferat;
696 1448 831 1480 contra
851 1443 917 1480 ille
938 1456 1162 1493 repugnans

146 1504 317 1538 sustinet
335 1515 358 1537 a
377 1501 512 1550 iugulo
531 1501 711 1538 dextram
734 1507 775 1538 et
794 1504 871 1538 vim
892 1503 1036 1539 viribus
1057 1505 1148 1539 exit.
1247 1506 1322 1542 750

147 1565 269 1609 utque
291 1559 424 1596 volans
443 1560 522 1597 alte
544 1565 699 1609 raptum
720 1573 808 1597 cum
828 1560 934 1597 fulva
954 1561 1164 1597 draconem

147 1619 225 1656 fert
237 1618 366 1668 aquila
378 1618 652 1668 implicuitque
665 1619 787 1668 pedes
799 1624 918 1669 atque
932 1621 1128 1669 unguibus
1142 1620 1268 1658 haesit
1283 1634 1291 1665 ;

146 1680 297 1714 saucius
317 1683 358 1714 at
376 1690 538 1726 serpens
559 1680 714 1714 sinuosa
733 1678 930 1714 volumina
950 1683 1078 1715 versat

145 1739 386 1786 arrectisque
405 1736 542 1773 horret
560 1739 730 1785 squamis
750 1742 792 1773 et
811 1737 941 1773 sibilat
961 1750 1039 1782 ore,

146 1794 289 1831 arduus
309 1797 540 1844 insurgens;
569 1795 635 1831 illa
653 1794 759 1831 haud
779 1797 908 1832 minus
927 1801 1044 1845 urget
1064 1797 1216 1834 obunco
1245 1801 1318 1837 755

274 1922 318 1942 ⁷²⁸
342 1921 466 1953 incitat
483 1922 612 1962 MP7b:
634 1922 733 1955 inicit
749 1925 818 1955 Rc:
839 1923 967 1956 incutit
982 1923 1154 1957 Heinsius.

275 1965 319 1984 ⁷³⁸
342 1968 540 2007 exspectare
557 1965 700 2006 inferior
714 1967 813 1999 MSS.
943 1967 987 1986 ⁷⁴²
1010 1967 1110 1999 offert
1126 1969 1189 2010 127.

149 2014 225 2046 284
