1399 2271
643 104 831 142 VIRGIL

153 197 175 214 “
187 192 435 230 exsulibusne
455 191 571 228 datur
589 191 769 228 ducenda
790 190 950 227 Lavinia
967 191 1140 239 Teucris,

151 266 172 289 o
192 253 375 302 genitor?
404 263 477 288 nec
497 255 538 287 te
557 252 719 287 miseret
737 255 961 301 gnataeque
980 253 1145 301 tuique?
1245 252 1318 292 360

151 324 223 348 nec
237 313 372 347 matris
386 312 559 355 miseret,
574 322 690 359 quam
707 311 832 358 primo
847 309 1044 360 Aquilone
1059 310 1258 362 relinquet

151 370 318 420 perfidus
337 369 417 405 alta
435 374 576 418 petens
595 367 765 404 abducta
784 371 934 418 virgine
954 370 1127 419 praedo?

149 444 197 465 an
214 442 291 465 non
306 430 360 465 sic
377 427 569 477 Phrygius
585 432 770 476 penetrat
786 427 1083 465 Lacedaemona
1097 435 1229 479 pastor

152 488 423 536 Ledaeamque
446 486 645 523 Helenam
663 486 848 524 Troianas
867 490 975 525 vexit
994 487 1042 524 ad
1064 490 1206 526 urbes?

149 547 241 597 quid
261 552 328 583 tua
347 551 481 582 sancta
501 545 623 582 fides?
652 545 747 594 quid
767 558 858 582 cura
877 549 1038 596 antiqua
1057 552 1213 585 tuorum
1245 548 1317 586 365

149 612 189 643 et
208 607 498 654 consanguineo
517 606 664 641 totiens
684 604 776 641 data
796 604 961 642 dextera
979 606 1139 643 Turno?

147 669 177 702 si
197 677 319 714 gener
338 669 502 701 externa
521 666 671 712 petitur
690 663 740 700 de
760 669 883 713 gente
905 664 1055 702 Latinis

146 724 263 774 idque
283 723 408 768 sedet,
429 722 631 771 Faunique
651 728 837 771 premunt
855 727 897 760 te
916 725 1018 760 iussa
1038 729 1226 774 parentis,

146 796 302 819 omnem
318 781 502 831 equidem
516 783 680 830 sceptris
695 786 841 817 terram
857 794 957 831 quae
972 782 1094 820 libera
1110 788 1252 822 nostris

144 842 320 887 dissidet,
340 846 545 877 externam
564 852 650 876 reor
670 845 711 876 et
730 842 784 876 sic
804 839 935 878 dicere
955 841 1074 878 divos.
1242 847 1317 884 370

145 906 186 937 et
204 901 350 945 Turno,
369 901 399 935 si
419 901 542 948 prima
562 897 700 934 domus
718 903 923 947 repetatur
941 901 1063 948 origo,

148 959 312 995 Inachus
331 959 582 1007 Acrisiusque
602 961 733 1005 patres
753 957 987 1008 mediaeque
1008 959 1240 1009 Mycenae.''

197 1018 272 1054 His
291 1017 356 1054 ubi
376 1018 615 1066 nequiquam
635 1015 751 1052 dictis
771 1021 935 1065 experta
955 1016 1140 1055 Latinum

142 1082 277 1113 contra
296 1081 398 1113 stare
418 1074 538 1120 videt,
559 1076 796 1124 penitusque
817 1077 857 1110 in
877 1077 1026 1112 viscera
1044 1076 1195 1126 lapsum

141 1137 333 1185 serpentis
352 1134 490 1170 furiale
510 1133 657 1169 malum
675 1137 880 1183 totamque
900 1141 1089 1184 pererrat,
1239 1141 1312 1178 375

140 1200 224 1231 tum
243 1206 334 1230 vero
353 1192 502 1238 infelix,
523 1192 751 1240 ingentibus
772 1195 900 1230 excita
918 1198 1116 1241 monstris,

139 1256 368 1289 immensam
387 1254 471 1288 sine
490 1264 598 1287 more
618 1250 714 1288 furit
731 1251 936 1301 lymphata
955 1266 1025 1302 per
1045 1255 1193 1291 urbem.

139 1325 208 1348 ceu
229 1311 425 1362 quondam
444 1315 549 1347 torto
568 1309 736 1346 volitans
755 1310 828 1346 sub
848 1311 1011 1348 verbere
1031 1314 1158 1358 turbo,

137 1383 254 1420 quem
274 1371 385 1418 pueri
404 1381 547 1417 magno
566 1370 606 1404 in
626 1381 722 1418 gyro
742 1381 863 1405 vacua
881 1372 980 1406 atria
999 1372 1142 1407 circum

136 1431 281 1467 intenti
300 1427 392 1464 ludo
412 1431 600 1464 exercent
618 1425 703 1477 (ille
722 1431 832 1463 actus
850 1427 1005 1464 habena
1237 1435 1312 1468 380

137 1490 304 1525 curvatis
322 1486 448 1523 fertur
467 1488 624 1535 spatiis;
653 1490 789 1535 stupet
808 1488 930 1522 inscia
948 1499 1064 1536 supra

136 1547 379 1596 inpubesque
398 1557 548 1590 manus,
568 1546 707 1581 mirata
726 1543 897 1581 volubile
917 1545 1089 1591 buxum;

135 1605 232 1641 dant
250 1607 399 1640 animos
418 1601 588 1653 plagae),
608 1615 688 1638 non
708 1615 822 1639 cursu
842 1605 999 1652 segnior
1018 1604 1086 1640 illo

135 1676 205 1713 per
223 1662 371 1699 medias
390 1662 506 1698 urbes
525 1663 655 1710 agitur
674 1660 917 1711 populosque
936 1661 1087 1700 ferocis.

135 1725 229 1772 quin
249 1723 368 1758 etiam
387 1723 427 1757 in
446 1720 572 1765 silvas,
592 1719 774 1756 simulato
793 1722 955 1758 numine
976 1721 1132 1768 Bacchi,
1232 1727 1306 1761 385

155 1816 200 1836 ⁸⁶³
223 1820 261 1847 at
276 1826 343 1847 non
359 1816 421 1855 Ry.
495 1814 540 1833 ³⁷⁰
563 1814 690 1853 dicere]
705 1824 844 1855 poscere
860 1814 961 1855 M¹7².
1041 1815 1087 1834 ³⁸⁵
1110 1816 1206 1847 silvis
1222 1817 1284 1848 M1.

174 1921 186 1940 ²
211 1919 307 1951 Paris
323 1929 392 1950 was
407 1917 558 1959 brought
572 1928 619 1959 up
635 1928 672 1949 as
688 1928 707 1948 a
723 1917 894 1958 shepherd
912 1928 953 1948 on
971 1917 1097 1949 Mount
1113 1917 1186 1949 Ida.

176 1963 189 1983 ²
212 1962 347 1994 Turnus
363 1971 432 1992 was
449 1960 640 1991 descended
656 1960 743 1991 from
760 1960 819 1992 the
839 1960 940 2001 kings
963 1960 999 1992 of
1020 1962 1131 2002 Argos
1155 1961 1305 2002 through

135 2006 193 2038 the
209 2005 379 2047 daughter
395 2004 430 2036 of
446 2003 609 2043 Acrisius,
629 2003 756 2041 Danae,
776 2003 853 2035 who
869 2013 962 2035 came
978 2006 1016 2035 to
1031 2003 1137 2046 Italy,
1155 2003 1305 2035 founded

135 2054 183 2087 28
