1399 2271
647 69 838 106 VIRGIL

153 158 246 205 quin
266 158 369 192 intra
389 160 520 204 portas
539 160 659 204 atque
678 158 771 204 ipsis
790 156 938 204 proelia
956 159 1125 193 miscent

154 216 362 263 aggeribus
381 227 601 250 moerorum
622 219 665 251 et
683 215 880 252 inundant
900 219 1090 264 sanguine
1110 215 1241 253 fossas.

156 274 309 310 Aeneas
325 276 482 323 ignarus
501 274 624 310 abest.
682 286 948 323 numquamne
969 274 1088 311 levari
1277 280 1324 311 25

153 332 355 368 obsidione
373 333 504 368 sines?
533 334 653 368 muris
672 334 816 368 iterum
835 334 1018 369 imminet
1035 332 1158 370 hostis

154 393 351 427 nascentis
370 390 508 427 Troiae
528 403 602 426 nec
622 403 701 426 non
722 393 918 427 exercitus
936 390 1050 436 alter,
1248 403 1325 428 MPR

153 456 272 499 atque
292 452 436 486 iterum
455 451 496 485 in
515 449 686 486 Teucros
707 449 860 485 Aetolis
880 452 1007 498 surgit
1025 450 1074 485 ab
1095 450 1211 499 Arpis

153 509 336 559 Tydides.
393 508 578 558 equidem
598 508 728 554 credo,
748 521 835 544 mea
855 508 1013 544 volnera
1033 514 1184 545 restant

154 573 195 605 et
214 574 281 604 tua
301 570 510 617 progenies
530 567 709 604 mortalia
728 567 910 603 demoror
927 581 1043 603 arma.
1278 573 1327 605 30

153 631 183 664 si
203 630 287 664 sine
307 640 402 676 pace
423 632 490 662 tua
510 631 629 675 atque
650 628 773 662 invito
792 628 953 662 numine
974 626 1095 663 Troes

157 687 309 723 Italiam
330 688 495 734 petiere,
515 685 627 721 luant
646 689 808 733 peccata
828 697 958 734 neque
978 684 1064 722 illos

154 747 295 782 iuveris
313 743 481 781 auxilio:
509 745 569 780 sin
593 748 651 780 tot
670 756 855 792 responsa
875 746 1012 788 secuti,

154 816 253 854 quae
266 802 406 852 Superi
420 801 638 851 Manesque
652 801 812 846 dabant,
826 814 894 838 cur
905 815 1011 838 nunc
1025 807 1092 838 tua
1106 805 1310 853 quisquam

155 868 307 900 vertere
327 864 428 898 iussa
447 865 581 910 potest
599 865 668 897 aut
687 873 755 896 cur
774 873 873 896 nova
893 860 1064 898 condere
1084 860 1191 898 fata?
1279 867 1326 899 35

154 921 247 971 quid
268 924 444 969 repetam
465 923 622 955 exustas
643 918 813 968 Erycino
832 921 870 954 in
892 918 1006 955 litore
1027 919 1170 965 classis,

154 980 247 1030 quid
267 982 550 1027 tempestatum
572 990 708 1026 regem
728 982 945 1027 ventosque
963 978 1132 1015 furentis

156 1039 292 1076 Aeolia
312 1040 460 1075 excitos
479 1042 548 1073 aut
567 1041 694 1072 actam
715 1037 884 1073 nubibus
907 1037 1026 1073 Irim?

155 1111 258 1134 nunc
279 1099 398 1134 etiam
420 1096 549 1132 Manis
569 1095 684 1145 (haec
703 1098 942 1144 intemptata
961 1097 1147 1133 manebat

154 1170 233 1194 sors
253 1154 401 1205 rerum)
420 1159 553 1190 movet
572 1159 614 1190 et
633 1156 783 1202 superis
802 1157 974 1190 immissa
992 1161 1160 1204 repente
1280 1160 1329 1193 40

156 1216 323 1261 Allecto,
344 1214 493 1250 medias
514 1213 659 1250 Italum
680 1212 868 1249 bacchata
888 1226 958 1262 per
978 1215 1104 1251 urbes.

155 1275 207 1311 nil
229 1287 347 1323 super
366 1274 530 1322 imperio
549 1284 730 1315 moveor;
759 1275 1000 1321 speravimus
1019 1275 1106 1318 ista,

154 1334 248 1370 dum
267 1333 426 1369 fortuna
445 1331 545 1375 fuit3
572 1333 735 1367 vincant
753 1343 851 1380 quos
870 1333 1028 1368 vincere
1048 1335 1179 1369 mavis.

154 1396 183 1429 si
205 1391 313 1428 nulla
332 1395 393 1427 est
411 1392 533 1438 regio,
552 1389 714 1425 Teucris
734 1402 851 1439 quam
871 1389 942 1426 det
956 1395 1025 1426 tua
1044 1393 1214 1427 coniunx

154 1451 262 1496 dura,
282 1462 353 1499 per
371 1461 544 1494 eversae,
562 1451 733 1497 genitor,
752 1448 945 1485 fumantia
964 1449 1102 1486 Troiae
1281 1454 1328 1487 45

154 1510 307 1547 excidia
325 1509 514 1553 obtestor,
534 1507 652 1544 liceat
671 1507 873 1544 dimittere
892 1508 941 1543 ab
961 1511 1076 1545 armis

154 1569 391 1606 incolumem
411 1568 638 1612 Ascanium,
657 1566 776 1603 liceat
794 1580 999 1616 superesse
1018 1573 1218 1617 nepotem.

155 1630 310 1665 Aeneas
329 1639 422 1663 sane
442 1628 588 1675 ignotis
607 1628 777 1662 iactetur
795 1628 835 1661 in
855 1626 971 1663 undis

155 1693 207 1733 et,
228 1698 516 1737 quamcumque
536 1687 637 1720 viam
658 1684 816 1721 dederit
837 1684 1021 1731 Fortuna,
1041 1691 1250 1735 sequatur:

154 1747 258 1783 hunc
277 1750 415 1794 tegere
431 1749 473 1781 et
492 1743 600 1780 dirae
620 1743 770 1780 valeam
790 1743 1010 1781 subducere
1030 1758 1198 1794 pugnae.
1280 1750 1328 1783 50

154 1810 215 1842 est
227 1803 436 1849 Amathus,
448 1808 509 1840 est
521 1802 624 1839 celsa
638 1802 735 1838 mihi
754 1802 908 1852 Paphus
920 1808 1039 1853 atque
1053 1803 1224 1853 Cythera

198 1886 225 1905 ²⁴
249 1885 360 1916 fossae
376 1884 454 1915 MR.
590 1883 616 1902 ²⁸
641 1887 759 1924 surget
774 1884 843 1922 Μγ.

198 1929 226 1947 ⁴⁸
250 1928 342 1965 sane]
360 1925 477 1967 procul
498 1927 532 1956 R.
581 1925 697 1964 undis]
714 1925 782 1956 oris
798 1925 889 1965 [²²7².
993 1927 1021 1946 ⁴⁹
1043 1937 1255 1969 quacumque
1267 1928 1302 1960 P.

197 1971 225 1990 ⁶²
247 1976 352 2012 atque
367 1969 439 2000 alta
455 1969 607 2004 cythera
624 1968 742 2006 [²²12st

158 2017 230 2052 172
