1399 2271
618 69 770 107 VIRGI
777 70 808 107 L

126 185 332 195 ......
364 160 584 207 crescitque
604 160 645 193 in
664 160 844 194 acumina
863 157 972 194 radix

127 216 167 248 et
187 213 313 260 gravis
334 214 375 247 in
394 210 519 247 latum
539 211 706 248 demissa
727 212 928 248 cucurbita
948 217 1137 249 ventrem.

127 278 259 301 verum
273 265 337 301 hic
350 278 428 300 non
442 264 590 301 domini
606 267 707 314 (quis
721 268 825 301 enim
839 269 1074 302 contractior
1086 265 1153 302 illo
1166 266 1211 314 ?),

128 318 196 355 sed
216 318 350 367 populi
370 323 584 367 proventus
604 323 700 363 erat,
722 321 913 368 nonisque
933 318 1070 356 diebus
1250 323 1299 355 80

128 372 273 408 venalis
293 384 429 408 umero
448 371 561 408 fascis
582 372 762 421 portabat
784 374 824 407 in
844 373 1004 408 urbem:

127 425 218 463 inde
239 425 400 462 domum
420 428 570 462 cervice
590 425 700 470 levis,
719 428 846 474 gravis
866 438 955 462 aere
975 425 1143 471 redibat,

129 482 189 515 vix
210 492 395 529 umquam
415 479 552 515 urbani
574 481 783 515 comitatus
803 492 934 515 merce
954 478 1118 515 macelli.

128 546 246 582 caepa
267 533 410 570 rubens
431 535 607 582 sectique
627 531 771 568 famem
792 532 926 569 domat
944 545 1033 569 area
1052 535 1170 581 porri,

128 599 306 636 quaeque
325 586 490 623 trahunt
509 588 586 622 acri
605 585 733 622 voltus
753 589 945 622 nasturtia
965 599 1107 631 morsu,
1252 589 1298 622 85

128 641 330 689 intibaque
351 645 392 676 et
412 639 609 676 Venerem
629 652 813 676 revocans
833 652 947 676 eruca
967 644 1197 676 morantem.

180 693 291 730 Tunc
311 706 466 743 quoque
492 692 571 730 tale
598 692 745 742 aliquid
771 692 968 729 meditans
986 695 1200 730 intraverat

233 747 403 783 hortum.

129 814 171 837 ac
191 803 372 850 primum,
392 799 534 836 leviter
553 799 686 849 digitis
706 799 849 836 tellure
870 799 1028 846 refossa,

128 860 314 904 quattuor
333 853 466 890 educit
487 866 575 889 cum
595 855 725 902 spissis
744 853 818 889 alia
838 853 965 897 fibris;

129 908 220 944 inde
242 920 369 944 comas
389 909 467 956 apii
488 907 641 955 gracilis
660 912 868 956 rutamque
888 909 1086 956 rigentem
1251 911 1299 950 90

129 962 238 998 vellit
260 966 300 998 et
321 963 463 1009 exiguo
483 959 684 996 coriandra
702 963 915 997 trementia
934 960 1008 996 filo.

130 1015 224 1051 haec
245 1015 311 1050 ubi
332 1014 504 1063 collegit,
525 1013 673 1050 laetum
694 1014 872 1050 consedit
893 1013 941 1050 ad
961 1017 1096 1063 ignem

129 1074 170 1105 et
190 1068 290 1104 clara
310 1067 496 1103 famulam
516 1070 642 1116 poscit
661 1070 844 1103 mortaria
865 1080 968 1103 voce.

128 1121 282 1171 singula
300 1126 385 1158 tum
405 1123 578 1170 capitum
598 1120 745 1157 nodoso
765 1123 910 1157 cortice
931 1120 1056 1158 nudat

129 1181 170 1212 et
189 1177 348 1211 summis
368 1174 510 1224 spoliat
529 1177 640 1210 coriis
661 1179 967 1224 contemptaque
988 1176 1130 1223 passim
1251 1178 1299 1217 95

128 1232 276 1278 spargit
290 1228 398 1264 humi
412 1233 531 1277 atque
544 1228 672 1264 abicit.
713 1233 908 1264 servatum
922 1231 1099 1276 gramine
1112 1227 1275 1264 bulbum

129 1286 277 1331 tinguit
296 1294 395 1331 aqua
414 1281 632 1330 lapidisque
653 1293 788 1317 cavum
809 1281 976 1317 dimittit
996 1284 1035 1317 in
1057 1281 1202 1318 orbem.

129 1336 187 1372 his
208 1335 296 1372 salis
316 1338 509 1384 inspargit
528 1337 658 1379 micas,
679 1334 759 1371 sale
779 1334 898 1371 durus
917 1334 1035 1370 adeso

129 1402 261 1425 caseus
282 1388 461 1433 adicitur,
481 1387 604 1424 dictas
626 1401 743 1436 super
762 1390 908 1437 ingerit
929 1387 1082 1432 herbas,

129 1448 169 1479 et
189 1442 298 1478 laeva
317 1447 469 1478 vestem
489 1446 640 1477 saetosa
660 1441 731 1477 sub
751 1443 913 1490 inguina
932 1440 1058 1486 fulcit,
1229 1445 1301 1477 100

127 1496 290 1532 dextera
311 1495 457 1544 pistillo
478 1497 647 1543 primum
668 1494 880 1543 fragrantia
900 1494 1028 1531 mollit

128 1550 213 1595 alia,
235 1555 320 1586 tum
340 1550 487 1598 pariter
506 1550 629 1584 mixto
649 1551 743 1585 terit
762 1550 892 1584 omnia
911 1560 1012 1585 suco.

129 1607 160 1640 it
178 1615 315 1639 manus
335 1605 376 1638 in
396 1614 559 1652 gyrum:
589 1601 777 1650 paulatim
797 1600 950 1651 singula
970 1604 1071 1638 vires

171 1683 197 1701 ⁷⁷
223 1683 372 1723 Inferior
394 1682 490 1713 MSS.
517 1686 654 1721 attempt
679 1686 710 1712 to
732 1682 868 1722 remedy
884 1681 935 1712 the
952 1681 1107 1722 defective
1125 1692 1210 1713 verse
1226 1681 1300 1713 chus

128 1730 196 1767 (eg
213 1727 222 1763 )
240 1740 246 1758 :
274 1725 421 1767 plurima
437 1725 560 1756 crescit
577 1724 623 1755 ibi
640 1725 819 1766 surgitque
836 1725 870 1755 in
886 1725 1043 1755 acumina
1060 1724 1168 1756 radix.

171 1770 198 1788 ⁷³
223 1769 372 1800 dimissa.
715 1767 744 1786 ⁸⁰
767 1767 953 1809 profectus.

170 1812 198 1831 ³²
222 1812 381 1843 humore:
408 1811 571 1842 holerum.
712 1810 740 1829 ⁸³
764 1821 890 1841 vacuus
908 1812 968 1850 (-a)
986 1810 1151 1843 mercede.

170 1855 198 1874 ⁹⁰
222 1855 400 1891 virentem,
422 1854 467 1884 H.
712 1852 740 1872 ⁹²
763 1853 874 1884 laetus
892 1853 933 1886 It.

170 1898 198 1917 ⁹⁶
221 1897 328 1928 adicit
345 1902 380 1928 Ω.
430 1897 462 1927 in
481 1897 632 1937 germine
649 1896 828 1928 Schrader.

170 1941 197 1959 ⁹⁹
221 1940 347 1981 ingerit
364 1939 470 1970 F1H:
493 1939 634 1972 inserit:
660 1940 779 1970 interit
800 1938 890 1971 Ellis.

171 1983 213 2002 ¹⁰⁰
238 1983 376 2024 inguine
394 1982 476 2015 S¹L.

128 2032 200 2064 458
