1399 2271
628 57 818 93 VIRGIL

181 145 266 182 Nec
285 147 414 180 minus
432 146 586 180 interea
604 145 792 179 maternis
812 155 948 178 saevus
967 144 1008 178 in
1028 144 1144 177 armis

129 198 286 234 Aeneas
305 200 412 234 acuit
432 197 602 233 Martem
625 201 665 233 et
685 209 725 232 se
745 198 908 232 suscitat
926 198 993 241 ira,

128 251 260 288 oblato
279 251 456 300 gaudens
475 252 655 299 componi
676 249 835 286 foedere
855 248 1014 286 bellum.

128 310 214 341 tum
233 307 356 341 socios
374 306 593 353 maestique
612 308 764 339 metum
784 302 930 339 solatur
950 301 1041 346 Iuli,
1230 305 1301 337 110

129 357 210 394 fata
229 358 388 403 docens,
407 360 570 406 regique
591 357 702 393 iubet
720 368 906 405 responsa
927 355 1068 391 Latino

129 416 237 448 certa
255 411 404 448 referre
423 413 524 447 viros
544 415 586 447 et
604 412 710 459 pacis
729 409 860 446 dicere
879 408 1000 457 leges.

185 465 344 502 Postera
362 467 425 500 vix
445 476 616 501 summos
634 463 845 512 spargebat
863 461 1012 498 lumine
1031 464 1177 497 montis

128 524 213 555 orta
231 518 328 564 dies,
347 531 437 554 cum
456 520 625 567 primum
644 517 725 553 alto
744 529 785 552 se
805 518 963 564 gurgite
984 515 1131 551 tollunt

130 571 229 608 Solis
249 574 340 621 equi
358 571 567 620 lucemque
588 570 702 607 elatis
720 570 878 605 naribus
898 568 1050 605 efflant:
1232 572 1301 606 115

129 638 309 674 campum
325 624 374 661 ad
390 630 589 661 certamen
606 635 772 672 magnae
788 623 859 659 sub
875 622 1079 659 moenibus
1095 622 1200 658 urbis

128 679 297 715 dimensi
321 678 534 727 Rutulique
555 680 625 713 viri
644 677 864 725 Teucrique
884 676 1076 724 parabant

129 735 170 768 in
188 731 399 781 medioque
418 730 525 767 focos
545 735 587 767 et
604 730 664 767 dis
683 730 953 766 communibus
973 742 1057 765 aras
1086 738 1088 740 '

129 788 360 834 gramineas.
417 784 482 820 alii
503 784 734 833 fontemque
752 785 966 832 ignemque
986 782 1182 827 ferebant,

129 838 249 875 velati
268 838 360 874 limo
380 843 422 875 et
440 838 612 874 verbena
629 842 809 886 tempora
827 839 959 873 vincti.
1231 839 1302 871 120

129 891 308 941 procedit
327 891 432 940 legio
452 890 699 927 Ausonidum
718 889 917 939 pilataque
936 889 1064 938 plenis

129 948 287 994 agmina
306 957 347 981 se
368 944 543 981 fundunt
561 946 694 993 portis.
751 943 844 979 hinc
863 942 1000 979 Troius
1019 945 1144 978 omnis

130 997 435 1048 Tyrrhenusque
454 1000 534 1034 ruit
552 999 666 1033 variis
686 999 881 1033 exercitus
900 999 1028 1041 armis,

130 1051 235 1088 haud
254 1064 365 1088 secus
384 1053 566 1087 instructi
587 1050 703 1095 ferro,
722 1062 839 1099 quam
859 1052 891 1086 si
909 1062 1045 1098 aspera
1067 1049 1206 1086 Martis

131 1118 263 1154 pugna
282 1109 420 1148 vocet3
447 1117 522 1140 nec
541 1116 621 1140 non
640 1102 780 1140 mediis
799 1105 841 1139 in
858 1103 1016 1139 milibus
1035 1105 1108 1152 ipsi
1231 1106 1302 1139 125

129 1158 313 1194 ductores
333 1170 425 1194 auro
444 1157 613 1194 volitant
630 1162 815 1206 ostroque
834 1157 1005 1205 superbi,

130 1217 172 1248 et
190 1224 316 1260 genus
337 1211 514 1248 Assaraci
536 1209 770 1247 Mnestheus
790 1214 832 1246 et
851 1209 962 1246 fortis
983 1209 1109 1246 Asilas

130 1270 172 1301 et
193 1265 397 1313 Messapus
416 1277 561 1314 equum
580 1263 762 1309 domitor,
783 1263 985 1312 Neptunia
1004 1263 1142 1312 proles.

130 1323 252 1368 utque
272 1318 366 1354 dato
384 1320 497 1367 signo
516 1320 642 1366 spatia
660 1319 701 1353 in
719 1330 788 1353 sua
807 1319 971 1366 quisque
991 1319 1166 1362 recessit,

130 1371 310 1421 defigunt
329 1370 472 1408 tellure
492 1370 624 1408 hastas
644 1375 686 1406 et
704 1375 814 1407 scuta
833 1370 1038 1407 reclinant.
1232 1374 1302 1406 130

129 1430 214 1461 tum
233 1424 364 1461 studio
384 1424 527 1461 effusae
546 1429 692 1460 matres
712 1428 754 1460 et
771 1422 909 1472 volgus
928 1426 1122 1460 inermum

129 1477 368 1527 invalidique
387 1490 503 1514 senes
521 1480 638 1514 turris
658 1482 700 1514 et
718 1482 825 1513 tecta
844 1476 1049 1513 domorum

129 1531 332 1577 obsedere,
351 1531 416 1567 alii
436 1533 558 1580 portis
577 1530 808 1568 sublimibus
827 1530 996 1567 adstant.

183 1586 239 1622 At
261 1584 359 1622 Iuno
379 1598 401 1621 e
421 1597 584 1630 summo,
605 1586 671 1634 qui
689 1596 795 1620 nunc
816 1583 992 1620 Albanus
1011 1583 1180 1621 habetur

172 1705 215 1725 ¹¹³
238 1715 370 1735 summo
385 1705 432 1736 M.
678 1703 720 1723 ¹¹⁷
744 1703 894 1734 demensi
912 1703 996 1741 M7¹·

172 1748 215 1767 ²²⁰
238 1747 308 1778 lino
324 1748 417 1779 MSS.
439 1747 566 1786 (except
581 1751 642 1778 two
658 1745 694 1777 in
710 1745 842 1785 Paris),
861 1745 1017 1777 Sem-ius:
1040 1745 1121 1777 limo
1142 1746 1237 1786 yicen
1261 1747 1301 1787 by

128 1790 261 1823 Servius
289 1801 329 1821 us
358 1790 410 1821 the
438 1789 582 1830 reading]
611 1789 792 1820 attributed
821 1794 852 1820 to
890 1788 997 1829 Virqil
1026 1788 1066 1829 by
1092 1788 1202 1830 Caper
1230 1790 1300 1821 and

129 1834 341 1915 Hfflwssffl
356 1874 446 1906 bello
462 1875 507 1907 M.
672 1875 714 1894 ¹²⁶
737 1874 851 1906 decori
868 1875 964 1905 MSS.
985 1879 1096 1915 except
1113 1875 1157 1906 M.

170 1919 214 1939 1³⁰
236 1918 353 1950 telluri
370 1920 408 1949 lc.
670 1918 713 1937 ¹³²
736 1918 786 1957 et]
799 1927 840 1949 ac
855 1918 946 1957 PR7.

169 1962 212 1982 ¹³³
236 1962 369 1993 instant
384 1962 423 1992 R.

127 2005 202 2043 306
