<?xml version="1.0" encoding="UTF-8"?>
<!DOCTYPE html PUBLIC "-//W3C//DTD XHTML 1.0 Transitional//EN"
    "http://www.w3.org/TR/xhtml1/DTD/xhtml1-transitional.dtd">
<html xmlns="http://www.w3.org/1999/xhtml" xml:lang="en" lang="en">
 <head>
  <title>
</title>
<meta http-equiv="Content-Type" content="text/html;charset=utf-8" />
  <meta name='ocr-system' content='tesseract 3.04.00' />
  <meta name='ocr-capabilities' content='ocr_page ocr_carea ocr_par ocr_line ocrx_word'/>
</head>
<body>
  <div class='ocr_page' id='page_1' title='image "./virgilwithenglis02virg_0406.png"; bbox 0 0 1399 2271; ppageno 0'>
   <div class='ocr_carea' id='block_1_1' title="bbox 656 61 848 98">
    <p class='ocr_par' dir='ltr' id='par_1_1' title="bbox 656 61 848 98">
     <span class='ocr_line' id='line_1_1' title="bbox 656 61 848 98; baseline 0.005 -1"><span class='ocrx_word' id='word_1_1' title='bbox 656 61 848 98; x_wconf 87' lang='lat' dir='ltr'>VIRGIL</span> 
     </span>
    </p>
   </div>
   <div class='ocr_carea' id='block_1_2' title="bbox 163 146 1340 671">
    <p class='ocr_par' dir='ltr' id='par_1_2' title="bbox 164 146 1234 196">
     <span class='ocr_line' id='line_1_2' title="bbox 164 146 1234 196; baseline 0.002 -13"><span class='ocrx_word' id='word_1_2' title='bbox 164 160 238 184; x_wconf 87' lang='lat' dir='ltr'>nec</span> <span class='ocrx_word' id='word_1_3' title='bbox 250 150 385 184; x_wconf 80' lang='lat' dir='ltr'><strong>timuit</strong></span> <span class='ocrx_word' id='word_1_4' title='bbox 399 146 706 196; x_wconf 77' lang='lat' dir='ltr'><strong>Phlegethonta,</strong></span> <span class='ocrx_word' id='word_1_5' title='bbox 717 146 864 193; x_wconf 87' lang='lat' dir='ltr'>furens,</span> <span class='ocrx_word' id='word_1_6' title='bbox 876 147 1105 185; x_wconf 84' lang='lat' dir='ltr'>ardentibus</span> <span class='ocrx_word' id='word_1_7' title='bbox 1119 148 1234 185; x_wconf 86' lang='lat' dir='ltr'>undis</span> 
     </span>
    </p>

    <p class='ocr_par' dir='ltr' id='par_1_3' title="bbox 163 206 1136 316">
     <span class='ocr_line' id='line_1_3' title="bbox 164 206 1077 257; baseline 0.002 -15"><span class='ocrx_word' id='word_1_8' title='bbox 164 219 237 243; x_wconf 89' lang='lat' dir='ltr'>nec</span> <span class='ocrx_word' id='word_1_9' title='bbox 258 213 407 244; x_wconf 82' lang='lat' dir='ltr'>maesta</span> <span class='ocrx_word' id='word_1_10' title='bbox 425 207 590 244; x_wconf 78' lang='lat' dir='ltr'>obtenta</span> <span class='ocrx_word' id='word_1_11' title='bbox 611 206 716 244; x_wconf 83' lang='lat' dir='ltr'>Ditis</span> <span class='ocrx_word' id='word_1_12' title='bbox 735 206 935 257; x_wconf 85' lang='lat' dir='ltr'>ferrugine</span> <span class='ocrx_word' id='word_1_13' title='bbox 955 221 1077 257; x_wconf 84' lang='lat' dir='ltr'>regna</span> 
     </span>
     <span class='ocr_line' id='line_1_4' title="bbox 163 265 1136 316; baseline 0.003 -15"><span class='ocrx_word' id='word_1_14' title='bbox 163 265 416 316; x_wconf 68' lang='lat' dir='ltr'>defossa-sque</span> <span class='ocrx_word' id='word_1_15' title='bbox 434 265 571 302; x_wconf 89' lang='lat' dir='ltr'>domos</span> <span class='ocrx_word' id='word_1_16' title='bbox 590 279 634 302; x_wconf 89' lang='lat' dir='ltr'>ac</span> <span class='ocrx_word' id='word_1_17' title='bbox 653 265 815 302; x_wconf 77' lang='lat' dir='ltr'>Tartara</span> <span class='ocrx_word' id='word_1_18' title='bbox 834 272 952 303; x_wconf 79' lang='lat' dir='ltr'>nocte</span> <span class='ocrx_word' id='word_1_19' title='bbox 972 271 1136 304; x_wconf 81' lang='lat' dir='ltr'>cruenta</span> 
     </span>
    </p>

    <p class='ocr_par' dir='ltr' id='par_1_4' title="bbox 163 324 1338 434">
     <span class='ocr_line' id='line_1_5' title="bbox 164 324 1338 371; baseline 0.002 -11"><span class='ocrx_word' id='word_1_20' title='bbox 164 325 289 361; x_wconf 83' lang='lat' dir='ltr'>obsita</span> <span class='ocrx_word' id='word_1_21' title='bbox 308 338 382 361; x_wconf 87' lang='lat' dir='ltr'>nec</span> <span class='ocrx_word' id='word_1_22' title='bbox 403 324 537 361; x_wconf 83' lang='lat' dir='ltr'>faciles</span> <span class='ocrx_word' id='word_1_23' title='bbox 557 324 662 361; x_wconf 85' lang='lat' dir='ltr'>Ditis</span> <span class='ocrx_word' id='word_1_24' title='bbox 681 327 767 361; x_wconf 89' lang='lat' dir='ltr'>sine</span> <span class='ocrx_word' id='word_1_25' title='bbox 787 325 916 362; x_wconf 75' lang='lat' dir='ltr'>iudice</span> <span class='ocrx_word' id='word_1_26' title='bbox 936 325 1064 371; x_wconf 87' lang='lat' dir='ltr'>sedes,</span> <span class='ocrx_word' id='word_1_27' title='bbox 1264 327 1338 363; x_wconf 79' lang='lat'>275</span> 
     </span>
     <span class='ocr_line' id='line_1_6' title="bbox 163 383 1122 434; baseline 0.001 -15"><span class='ocrx_word' id='word_1_28' title='bbox 163 383 306 429; x_wconf 90' lang='lat' dir='ltr'>iudice,</span> <span class='ocrx_word' id='word_1_29' title='bbox 325 387 392 434; x_wconf 91' lang='lat' dir='ltr'>qui</span> <span class='ocrx_word' id='word_1_30' title='bbox 412 387 516 421; x_wconf 80' lang='lat' dir='ltr'>vitae</span> <span class='ocrx_word' id='word_1_31' title='bbox 536 390 626 433; x_wconf 80' lang='lat' dir='ltr'>post</span> <span class='ocrx_word' id='word_1_32' title='bbox 643 388 812 421; x_wconf 79' lang='lat' dir='ltr'>mortem</span> <span class='ocrx_word' id='word_1_33' title='bbox 832 384 1006 421; x_wconf 81' lang='lat' dir='ltr'>vindicat</span> <span class='ocrx_word' id='word_1_34' title='bbox 1025 389 1122 432; x_wconf 85' lang='lat' dir='ltr'>acta.</span> 
     </span>
    </p>

    <p class='ocr_par' dir='ltr' id='par_1_5' title="bbox 163 442 1096 480">
     <span class='ocr_line' id='line_1_7' title="bbox 163 442 1096 480; baseline 0.001 -1"><span class='ocrx_word' id='word_1_35' title='bbox 163 442 234 480; x_wconf 88' lang='lat' dir='ltr'>sed</span> <span class='ocrx_word' id='word_1_36' title='bbox 255 443 428 480; x_wconf 75' lang='lat' dir='ltr'>Fortuna</span> <span class='ocrx_word' id='word_1_37' title='bbox 446 443 580 480; x_wconf 86' lang='lat' dir='ltr'>valens</span> <span class='ocrx_word' id='word_1_38' title='bbox 600 442 790 480; x_wconf 88' lang='lat' dir='ltr'><strong>audacem</strong></span> <span class='ocrx_word' id='word_1_39' title='bbox 810 442 959 480; x_wconf 82' lang='lat' dir='ltr'>fecerat</span> <span class='ocrx_word' id='word_1_40' title='bbox 979 449 1096 480; x_wconf 76' lang='lat' dir='ltr'>aute:</span> 
     </span>
    </p>

    <p class='ocr_par' dir='ltr' id='par_1_6' title="bbox 163 502 1144 552">
     <span class='ocr_line' id='line_1_8' title="bbox 163 502 1144 552; baseline 0 -14"><span class='ocrx_word' id='word_1_41' title='bbox 163 505 240 538; x_wconf 81' lang='lat' dir='ltr'>iam</span> <span class='ocrx_word' id='word_1_42' title='bbox 260 502 386 552; x_wconf 85' lang='lat' dir='ltr'>rapidi</span> <span class='ocrx_word' id='word_1_43' title='bbox 405 507 602 540; x_wconf 78' lang='lat' dir='ltr'>steterant</span> <span class='ocrx_word' id='word_1_44' title='bbox 620 514 756 539; x_wconf 90' lang='lat' dir='ltr'>amnes</span> <span class='ocrx_word' id='word_1_45' title='bbox 777 507 819 539; x_wconf 82' lang='lat' dir='ltr'>et</span> <span class='ocrx_word' id='word_1_46' title='bbox 838 503 954 539; x_wconf 79' lang='lat' dir='ltr'>turba</span> <span class='ocrx_word' id='word_1_47' title='bbox 974 502 1144 539; x_wconf 86' lang='lat' dir='ltr'>ferarum</span> 
     </span>
    </p>

    <p class='ocr_par' dir='ltr' id='par_1_7' title="bbox 163 560 1340 671">
     <span class='ocr_line' id='line_1_9' title="bbox 163 560 1214 611; baseline -0.002 -13"><span class='ocrx_word' id='word_1_48' title='bbox 163 561 308 598; x_wconf 84' lang='lat' dir='ltr'>blanda</span> <span class='ocrx_word' id='word_1_49' title='bbox 327 574 422 598; x_wconf 86' lang='lat' dir='ltr'>voce</span> <span class='ocrx_word' id='word_1_50' title='bbox 442 574 587 611; x_wconf 81' lang='lat' dir='ltr'>sequax</span> <span class='ocrx_word' id='word_1_51' title='bbox 607 563 810 610; x_wconf 85' lang='lat' dir='ltr'>regionem</span> <span class='ocrx_word' id='word_1_52' title='bbox 829 560 1030 598; x_wconf 78' lang='lat' dir='ltr'>insederat</span> <span class='ocrx_word' id='word_1_53' title='bbox 1051 560 1214 610; x_wconf 90' lang='lat' dir='ltr'>Orphei,</span> 
     </span>
     <span class='ocr_line' id='line_1_10' title="bbox 164 619 1340 671; baseline -0.001 -14"><span class='ocrx_word' id='word_1_54' title='bbox 164 624 319 671; x_wconf 85' lang='lat' dir='ltr'>iamque</span> <span class='ocrx_word' id='word_1_55' title='bbox 340 623 458 657; x_wconf 86' lang='lat' dir='ltr'>imam</span> <span class='ocrx_word' id='word_1_56' title='bbox 477 620 591 657; x_wconf 88' lang='lat' dir='ltr'>viridi</span> <span class='ocrx_word' id='word_1_57' title='bbox 611 620 781 657; x_wconf 87' lang='lat' dir='ltr'>radicem</span> <span class='ocrx_word' id='word_1_58' title='bbox 803 625 980 656; x_wconf 73' lang='lat' dir='ltr'>moverat</span> <span class='ocrx_word' id='word_1_59' title='bbox 999 619 1080 657; x_wconf 77' lang='lat' dir='ltr'>alte</span> <span class='ocrx_word' id='word_1_60' title='bbox 1265 624 1340 657; x_wconf 75' lang='lat'>280</span> 
     </span>
    </p>
   </div>
   <div class='ocr_carea' id='block_1_3' title="bbox 163 679 1120 783">
    <p class='ocr_par' dir='ltr' id='par_1_8' title="bbox 163 679 1120 783">
     <span class='ocr_line' id='line_1_11' title="bbox 163 679 1120 730; baseline -0.001 -13"><span class='ocrx_word' id='word_1_61' title='bbox 163 693 330 730; x_wconf 86' lang='lat' dir='ltr'>quercus</span> <span class='ocrx_word' id='word_1_62' title='bbox 350 680 470 716; x_wconf 88' lang='lat' dir='ltr'>humo</span> <span class='ocrx_word' id='word_1_63' title='bbox 499 707 706 717; x_wconf 88' lang='lat'>......</span> <span class='ocrx_word' id='word_1_64' title='bbox 737 679 936 729; x_wconf 89' lang='lat' dir='ltr'>silvaeque</span> <span class='ocrx_word' id='word_1_65' title='bbox 957 692 1120 716; x_wconf 84' lang='lat' dir='ltr'>sonorae</span> 
     </span>
     <span class='ocr_line' id='line_1_12' title="bbox 164 732 1086 783; baseline 0 -13"><span class='ocrx_word' id='word_1_66' title='bbox 164 739 306 783; x_wconf 82' lang='lat' dir='ltr'>sponte</span> <span class='ocrx_word' id='word_1_67' title='bbox 325 746 394 770; x_wconf 89' lang='lat' dir='ltr'>sua</span> <span class='ocrx_word' id='word_1_68' title='bbox 413 738 551 770; x_wconf 80' lang='lat' dir='ltr'>cantus</span> <span class='ocrx_word' id='word_1_69' title='bbox 570 732 778 782; x_wconf 84' lang='lat' dir='ltr'>rapiebant</span> <span class='ocrx_word' id='word_1_70' title='bbox 798 735 944 770; x_wconf 82' lang='lat' dir='ltr'>cortice</span> <span class='ocrx_word' id='word_1_71' title='bbox 963 732 1086 770; x_wconf 76' lang='lat' dir='ltr'>avara.</span> 
     </span>
    </p>
   </div>
   <div class='ocr_carea' id='block_1_4' title="bbox 163 791 1341 1664">
    <p class='ocr_par' dir='ltr' id='par_1_9' title="bbox 163 791 1030 841">
     <span class='ocr_line' id='line_1_13' title="bbox 163 791 1030 841; baseline 0 -12"><span class='ocrx_word' id='word_1_72' title='bbox 163 794 333 830; x_wconf 80' lang='lat' dir='ltr'>labentis</span> <span class='ocrx_word' id='word_1_73' title='bbox 352 793 496 841; x_wconf 88' lang='lat' dir='ltr'>biiugis</span> <span class='ocrx_word' id='word_1_74' title='bbox 516 794 637 829; x_wconf 71' lang='lat' dir='ltr'>etiam</span> <span class='ocrx_word' id='word_1_75' title='bbox 656 804 728 841; x_wconf 91' lang='lat' dir='ltr'>per</span> <span class='ocrx_word' id='word_1_76' title='bbox 746 791 874 829; x_wconf 89' lang='lat' dir='ltr'>sidera</span> <span class='ocrx_word' id='word_1_77' title='bbox 894 792 1030 829; x_wconf 91' lang='lat' dir='ltr'>Lunae</span> 
     </span>
    </p>

    <p class='ocr_par' dir='ltr' id='par_1_10' title="bbox 163 853 1340 1077">
     <span class='ocr_line' id='line_1_14' title="bbox 163 853 1178 901; baseline -0.001 -13"><span class='ocrx_word' id='word_1_78' title='bbox 163 854 307 901; x_wconf 85' lang='lat' dir='ltr'>pressit</span> <span class='ocrx_word' id='word_1_79' title='bbox 326 864 459 901; x_wconf 91' lang='lat' dir='ltr'>equos,</span> <span class='ocrx_word' id='word_1_80' title='bbox 480 856 522 888; x_wconf 85' lang='lat' dir='ltr'>et</span> <span class='ocrx_word' id='word_1_81' title='bbox 541 856 585 887; x_wconf 82' lang='lat' dir='ltr'>tu</span> <span class='ocrx_word' id='word_1_82' title='bbox 605 853 814 900; x_wconf 81' lang='lat' dir='ltr'>cupientis,</span> <span class='ocrx_word' id='word_1_83' title='bbox 834 856 1037 888; x_wconf 77' lang='lat' dir='ltr'>menstrua</span> <span class='ocrx_word' id='word_1_84' title='bbox 1056 854 1178 901; x_wconf 80' lang='lat' dir='ltr'>virgo,</span> 
     </span>
     <span class='ocr_line' id='line_1_15' title="bbox 164 909 1340 960; baseline 0.001 -13"><span class='ocrx_word' id='word_1_85' title='bbox 164 911 345 948; x_wconf 76' lang='lat' dir='ltr'>auditura</span> <span class='ocrx_word' id='word_1_86' title='bbox 364 910 501 960; x_wconf 77' lang='lat' dir='ltr'>lyram,</span> <span class='ocrx_word' id='word_1_87' title='bbox 521 912 687 946; x_wconf 76' lang='lat' dir='ltr'>tenuisti</span> <span class='ocrx_word' id='word_1_88' title='bbox 706 915 824 946; x_wconf 78' lang='lat' dir='ltr'>nocte</span> <span class='ocrx_word' id='word_1_89' title='bbox 845 909 990 946; x_wconf 84' lang='lat' dir='ltr'>relicta.</span> <span class='ocrx_word' id='word_1_90' title='bbox 1266 915 1340 948; x_wconf 74' lang='lat'>285</span> 
     </span>
     <span class='ocr_line' id='line_1_16' title="bbox 164 967 1179 1018; baseline -0.001 -12"><span class='ocrx_word' id='word_1_91' title='bbox 164 970 261 1007; x_wconf 89' lang='lat' dir='ltr'>haec</span> <span class='ocrx_word' id='word_1_92' title='bbox 282 968 421 1006; x_wconf 87' lang='lat' dir='ltr'>eadem</span> <span class='ocrx_word' id='word_1_93' title='bbox 440 971 585 1018; x_wconf 76' lang='lat' dir='ltr'>potuit,</span> <span class='ocrx_word' id='word_1_94' title='bbox 606 967 724 1014; x_wconf 78' lang='lat' dir='ltr'>Ditis,</span> <span class='ocrx_word' id='word_1_95' title='bbox 742 973 784 1005; x_wconf 79' lang='lat' dir='ltr'>te</span> <span class='ocrx_word' id='word_1_96' title='bbox 805 970 975 1014; x_wconf 88' lang='lat' dir='ltr'>vincere,</span> <span class='ocrx_word' id='word_1_97' title='bbox 996 971 1179 1014; x_wconf 81' lang='lat' dir='ltr'>coniunx,</span> 
     </span>
     <span class='ocr_line' id='line_1_17' title="bbox 165 1026 1236 1077; baseline -0.002 -12"><span class='ocrx_word' id='word_1_98' title='bbox 165 1028 470 1077; x_wconf 82' lang='lat' dir='ltr'>Eurydicenque</span> <span class='ocrx_word' id='word_1_99' title='bbox 489 1027 593 1064; x_wconf 84' lang='lat' dir='ltr'>ultro</span> <span class='ocrx_word' id='word_1_100' title='bbox 612 1026 836 1063; x_wconf 87' lang='lat' dir='ltr'>ducendam</span> <span class='ocrx_word' id='word_1_101' title='bbox 851 1026 1042 1064; x_wconf 86' lang='lat' dir='ltr'>reddere:</span> <span class='ocrx_word' id='word_1_102' title='bbox 1071 1040 1150 1063; x_wconf 87' lang='lat' dir='ltr'>non</span> <span class='ocrx_word' id='word_1_103' title='bbox 1161 1027 1236 1073; x_wconf 72' lang='lat' dir='ltr'>fas,</span> 
     </span>
    </p>

    <p class='ocr_par' dir='ltr' id='par_1_11' title="bbox 165 1085 1055 1124">
     <span class='ocr_line' id='line_1_18' title="bbox 165 1085 1055 1124; baseline 0.001 -1"><span class='ocrx_word' id='word_1_104' title='bbox 165 1100 244 1124; x_wconf 90' lang='lat' dir='ltr'>non</span> <span class='ocrx_word' id='word_1_105' title='bbox 264 1092 350 1124; x_wconf 82' lang='lat' dir='ltr'>erat</span> <span class='ocrx_word' id='word_1_106' title='bbox 367 1088 538 1123; x_wconf 78' lang='lat' dir='ltr'>invictae</span> <span class='ocrx_word' id='word_1_107' title='bbox 557 1085 670 1122; x_wconf 88' lang='lat' dir='ltr'>divae</span> <span class='ocrx_word' id='word_1_108' title='bbox 692 1085 889 1122; x_wconf 83' lang='lat' dir='ltr'>exorabile</span> <span class='ocrx_word' id='word_1_109' title='bbox 908 1088 1055 1124; x_wconf 79' lang='lat' dir='ltr'>mortis.</span> 
     </span>
    </p>

    <p class='ocr_par' dir='ltr' id='par_1_12' title="bbox 164 1145 1341 1311">
     <span class='ocr_line' id='line_1_19' title="bbox 164 1145 1123 1196; baseline -0.001 -14"><span class='ocrx_word' id='word_1_110' title='bbox 164 1146 231 1182; x_wconf 88' lang='lat' dir='ltr'>illa</span> <span class='ocrx_word' id='word_1_111' title='bbox 250 1145 421 1196; x_wconf 86' lang='lat' dir='ltr'>quidem,</span> <span class='ocrx_word' id='word_1_112' title='bbox 441 1147 605 1181; x_wconf 89' lang='lat' dir='ltr'>nimium</span> <span class='ocrx_word' id='word_1_113' title='bbox 629 1145 756 1181; x_wconf 83' lang='lat' dir='ltr'>Manis</span> <span class='ocrx_word' id='word_1_114' title='bbox 777 1149 940 1193; x_wconf 77' lang='lat' dir='ltr'>experta</span> <span class='ocrx_word' id='word_1_115' title='bbox 959 1157 1123 1190; x_wconf 88' lang='lat' dir='ltr'>severos,</span> 
     </span>
     <span class='ocr_line' id='line_1_20' title="bbox 165 1203 1341 1255; baseline -0.001 -13"><span class='ocrx_word' id='word_1_116' title='bbox 165 1209 421 1255; x_wconf 78' lang='lat' dir='ltr'>praeceptum</span> <span class='ocrx_word' id='word_1_117' title='bbox 440 1204 622 1253; x_wconf 76' lang='lat' dir='ltr'>signabat</span> <span class='ocrx_word' id='word_1_118' title='bbox 640 1206 729 1249; x_wconf 79' lang='lat' dir='ltr'>iter,</span> <span class='ocrx_word' id='word_1_119' title='bbox 749 1217 823 1240; x_wconf 89' lang='lat' dir='ltr'>nec</span> <span class='ocrx_word' id='word_1_120' title='bbox 843 1203 1000 1240; x_wconf 71' lang='lat' dir='ltr'>rettulit</span> <span class='ocrx_word' id='word_1_121' title='bbox 1019 1206 1126 1242; x_wconf 80' lang='lat' dir='ltr'>intus</span> <span class='ocrx_word' id='word_1_122' title='bbox 1266 1209 1341 1248; x_wconf 74' lang='lat'>290</span> 
     </span>
     <span class='ocr_line' id='line_1_21' title="bbox 164 1262 1092 1311; baseline -0.003 -10"><span class='ocrx_word' id='word_1_123' title='bbox 164 1266 313 1302; x_wconf 88' lang='lat' dir='ltr'>lumina</span> <span class='ocrx_word' id='word_1_124' title='bbox 331 1276 405 1300; x_wconf 90' lang='lat' dir='ltr'>nec</span> <span class='ocrx_word' id='word_1_125' title='bbox 424 1263 538 1299; x_wconf 71' lang='lat' dir='ltr'>divae</span> <span class='ocrx_word' id='word_1_126' title='bbox 560 1265 734 1311; x_wconf 81' lang='lat' dir='ltr'>corrupit</span> <span class='ocrx_word' id='word_1_127' title='bbox 752 1275 915 1299; x_wconf 88' lang='lat' dir='ltr'>munera</span> <span class='ocrx_word' id='word_1_128' title='bbox 935 1262 1092 1311; x_wconf 83' lang='lat' dir='ltr'>lingua;</span> 
     </span>
    </p>

    <p class='ocr_par' dir='ltr' id='par_1_13' title="bbox 165 1320 1108 1370">
     <span class='ocr_line' id='line_1_22' title="bbox 165 1320 1108 1370; baseline -0.002 -10"><span class='ocrx_word' id='word_1_129' title='bbox 165 1323 233 1360; x_wconf 92' lang='lat' dir='ltr'>sed</span> <span class='ocrx_word' id='word_1_130' title='bbox 254 1328 299 1359; x_wconf 79' lang='lat' dir='ltr'>tu</span> <span class='ocrx_word' id='word_1_131' title='bbox 318 1321 499 1367; x_wconf 86' lang='lat' dir='ltr'>crudelis,</span> <span class='ocrx_word' id='word_1_132' title='bbox 520 1320 689 1358; x_wconf 88' lang='lat' dir='ltr'>crudelis</span> <span class='ocrx_word' id='word_1_133' title='bbox 711 1326 753 1358; x_wconf 77' lang='lat' dir='ltr'>bu</span> <span class='ocrx_word' id='word_1_134' title='bbox 774 1323 908 1370; x_wconf 84' lang='lat' dir='ltr'>magis,</span> <span class='ocrx_word' id='word_1_135' title='bbox 931 1321 1108 1370; x_wconf 87' lang='lat' dir='ltr'>Orpheu,</span> 
     </span>
    </p>

    <p class='ocr_par' dir='ltr' id='par_1_14' title="bbox 164 1379 1038 1429">
     <span class='ocr_line' id='line_1_23' title="bbox 164 1379 1038 1429; baseline -0.001 -11"><span class='ocrx_word' id='word_1_136' title='bbox 164 1381 296 1418; x_wconf 89' lang='lat' dir='ltr'>oscula</span> <span class='ocrx_word' id='word_1_137' title='bbox 314 1393 401 1417; x_wconf 88' lang='lat' dir='ltr'>cara</span> <span class='ocrx_word' id='word_1_138' title='bbox 420 1385 562 1429; x_wconf 77' lang='lat' dir='ltr'>petens</span> <span class='ocrx_word' id='word_1_139' title='bbox 581 1382 722 1428; x_wconf 77' lang='lat' dir='ltr'>rupisti</span> <span class='ocrx_word' id='word_1_140' title='bbox 742 1381 845 1416; x_wconf 80' lang='lat' dir='ltr'>iussa</span> <span class='ocrx_word' id='word_1_141' title='bbox 863 1379 1038 1417; x_wconf 89' lang='lat' dir='ltr'>deorum.</span> 
     </span>
    </p>

    <p class='ocr_par' dir='ltr' id='par_1_15' title="bbox 163 1437 1338 1664">
     <span class='ocr_line' id='line_1_24' title="bbox 164 1437 1214 1490; baseline -0.001 -13"><span class='ocrx_word' id='word_1_142' title='bbox 164 1441 307 1490; x_wconf 84' lang='lat' dir='ltr'>dignus</span> <span class='ocrx_word' id='word_1_143' title='bbox 325 1452 434 1475; x_wconf 87' lang='lat' dir='ltr'>amor</span> <span class='ocrx_word' id='word_1_144' title='bbox 452 1441 588 1482; x_wconf 85' lang='lat' dir='ltr'>venia;</span> <span class='ocrx_word' id='word_1_145' title='bbox 618 1443 787 1487; x_wconf 83' lang='lat' dir='ltr'>gratum,</span> <span class='ocrx_word' id='word_1_146' title='bbox 808 1440 839 1475; x_wconf 93' lang='lat' dir='ltr'>si</span> <span class='ocrx_word' id='word_1_147' title='bbox 859 1437 1020 1475; x_wconf 77' lang='lat' dir='ltr'>Tartara</span> <span class='ocrx_word' id='word_1_148' title='bbox 1040 1445 1214 1485; x_wconf 82' lang='lat' dir='ltr'>nossent,</span> 
     </span>
     <span class='ocr_line' id='line_1_25' title="bbox 163 1497 1338 1548; baseline 0 -12"><span class='ocrx_word' id='word_1_149' title='bbox 163 1503 370 1548; x_wconf 81' lang='lat' dir='ltr'>peccatum</span> <span class='ocrx_word' id='word_1_150' title='bbox 386 1510 394 1534; x_wconf 92' lang='lat'><strong>:</strong></span> <span class='ocrx_word' id='word_1_151' title='bbox 413 1499 639 1534; x_wconf 84' lang='lat' dir='ltr'>meminisse</span> <span class='ocrx_word' id='word_1_152' title='bbox 655 1510 772 1546; x_wconf 86' lang='lat' dir='ltr'>grave</span> <span class='ocrx_word' id='word_1_153' title='bbox 790 1502 860 1534; x_wconf 77' lang='lat' dir='ltr'>est.</span> <span class='ocrx_word' id='word_1_154' title='bbox 891 1510 958 1533; x_wconf 91' lang='lat' dir='ltr'>vos</span> <span class='ocrx_word' id='word_1_155' title='bbox 972 1497 1066 1534; x_wconf 86' lang='lat' dir='ltr'>sede</span> <span class='ocrx_word' id='word_1_156' title='bbox 1081 1500 1248 1547; x_wconf 89' lang='lat' dir='ltr'>piorum,</span> <span class='ocrx_word' id='word_1_157' title='bbox 1264 1503 1338 1542; x_wconf 75' lang='lat'>295</span> 
     </span>
     <span class='ocr_line' id='line_1_26' title="bbox 164 1555 1235 1607; baseline 0.001 -14"><span class='ocrx_word' id='word_1_158' title='bbox 164 1571 229 1595; x_wconf 90' lang='lat' dir='ltr'>vos</span> <span class='ocrx_word' id='word_1_159' title='bbox 244 1561 380 1594; x_wconf 77' lang='lat' dir='ltr'>manet</span> <span class='ocrx_word' id='word_1_160' title='bbox 394 1555 558 1592; x_wconf 85' lang='lat' dir='ltr'>heroum</span> <span class='ocrx_word' id='word_1_161' title='bbox 574 1560 710 1592; x_wconf 83' lang='lat' dir='ltr'>contra</span> <span class='ocrx_word' id='word_1_162' title='bbox 724 1568 873 1592; x_wconf 85' lang='lat' dir='ltr'>manus.</span> <span class='ocrx_word' id='word_1_163' title='bbox 931 1555 994 1592; x_wconf 90' lang='lat' dir='ltr'>hic</span> <span class='ocrx_word' id='word_1_164' title='bbox 1010 1561 1050 1592; x_wconf 80' lang='lat' dir='ltr'>et</span> <span class='ocrx_word' id='word_1_165' title='bbox 1066 1561 1235 1607; x_wconf 85' lang='lat' dir='ltr'>uterque</span> 
     </span>
     <span class='ocr_line' id='line_1_27' title="bbox 164 1614 1192 1664; baseline 0 -11"><span class='ocrx_word' id='word_1_166' title='bbox 164 1616 380 1654; x_wconf 88' lang='lat' dir='ltr'>Aeacides:</span> <span class='ocrx_word' id='word_1_167' title='bbox 410 1615 551 1652; x_wconf 89' lang='lat' dir='ltr'>Peleus</span> <span class='ocrx_word' id='word_1_168' title='bbox 572 1627 741 1664; x_wconf 87' lang='lat' dir='ltr'>namque</span> <span class='ocrx_word' id='word_1_169' title='bbox 762 1621 803 1651; x_wconf 82' lang='lat' dir='ltr'>et</span> <span class='ocrx_word' id='word_1_170' title='bbox 822 1614 1050 1651; x_wconf 83' lang='lat' dir='ltr'>Telamonia</span> <span class='ocrx_word' id='word_1_171' title='bbox 1070 1618 1192 1653; x_wconf 82' lang='lat' dir='ltr'>virtus</span> 
     </span>
    </p>
   </div>
   <div class='ocr_carea' id='block_1_5' title="bbox 206 1709 1333 2007">
    <p class='ocr_par' dir='ltr' id='par_1_16' title="bbox 206 1709 706 1744">
     <span class='ocr_line' id='line_1_28' title="bbox 206 1709 706 1744; baseline -0.004 -1"><span class='ocrx_word' id='word_1_172' title='bbox 206 1713 250 1732; x_wconf 71' lang='lat'>²⁷²</span> <span class='ocrx_word' id='word_1_173' title='bbox 272 1712 444 1743; x_wconf 79' lang='lat' dir='ltr'>furentem</span> <span class='ocrx_word' id='word_1_174' title='bbox 465 1710 593 1744; x_wconf 61' lang='lat' dir='ltr'>Bemho,</span> <span class='ocrx_word' id='word_1_175' title='bbox 615 1709 706 1741; x_wconf 71' lang='lat' dir='ltr'>Ellis.</span> 
     </span>
    </p>

    <p class='ocr_par' dir='ltr' id='par_1_17' title="bbox 206 1752 1121 1795">
     <span class='ocr_line' id='line_1_29' title="bbox 206 1752 1121 1795; baseline 0 -10"><span class='ocrx_word' id='word_1_176' title='bbox 206 1756 250 1775; x_wconf 80' lang='lat'>²⁷⁴</span> <span class='ocrx_word' id='word_1_177' title='bbox 273 1754 494 1795; x_wconf 78' lang='lat' dir='ltr'>defossasque</span> <span class='ocrx_word' id='word_1_178' title='bbox 518 1753 606 1784; x_wconf 51' lang='lat' dir='ltr'>VB&amp;-</span> <span class='ocrx_word' id='word_1_179' title='bbox 631 1763 692 1784; x_wconf 89' lang='lat' dir='ltr'>nec</span> <span class='ocrx_word' id='word_1_180' title='bbox 708 1752 885 1794; x_wconf 73' lang='lat' dir='ltr'>fossasque</span> <span class='ocrx_word' id='word_1_181' title='bbox 904 1758 942 1792; x_wconf 83' lang='grc' dir='ltr'>Ω,</span> <span class='ocrx_word' id='word_1_182' title='bbox 968 1753 1121 1786; x_wconf 78' lang='lat' dir='ltr'>Vollmer.</span> 
     </span>
    </p>

    <p class='ocr_par' dir='ltr' id='par_1_18' title="bbox 206 1795 591 1835">
     <span class='ocr_line' id='line_1_30' title="bbox 206 1795 591 1835; baseline -0.003 -7"><span class='ocrx_word' id='word_1_183' title='bbox 206 1798 249 1817; x_wconf 77' lang='lat'>¹⁷⁶</span> <span class='ocrx_word' id='word_1_184' title='bbox 273 1798 417 1828; x_wconf 82' lang='lat' dir='ltr'>Dictaeo</span> <span class='ocrx_word' id='word_1_185' title='bbox 432 1795 591 1835; x_wconf 66' lang='lat' dir='ltr'>Scalz&#39;yer.</span> 
     </span>
    </p>

    <p class='ocr_par' dir='ltr' id='par_1_19' title="bbox 206 1837 1333 1914">
     <span class='ocr_line' id='line_1_31' title="bbox 206 1837 1333 1880; baseline 0.001 -9"><span class='ocrx_word' id='word_1_186' title='bbox 206 1841 249 1860; x_wconf 75' lang='lat'>²⁸²</span> <span class='ocrx_word' id='word_1_187' title='bbox 272 1843 443 1872; x_wconf 76' lang='lat' dir='ltr'>steterant</span> <span class='ocrx_word' id='word_1_188' title='bbox 459 1848 575 1870; x_wconf 81' lang='lat' dir='ltr'>amnes</span> <span class='ocrx_word' id='word_1_189' title='bbox 592 1838 703 1878; x_wconf 80' lang='lat' dir='ltr'>(from</span> <span class='ocrx_word' id='word_1_190' title='bbox 718 1839 793 1872; x_wconf 59' lang='lat'>278)</span> <span class='ocrx_word' id='word_1_191' title='bbox 816 1837 878 1870; x_wconf 70' lang='lat' dir='ltr'>lm</span> <span class='ocrx_word' id='word_1_192' title='bbox 894 1838 1095 1880; x_wconf 71' lang='lat' dir='ltr'>supplanlccl</span> <span class='ocrx_word' id='word_1_193' title='bbox 1110 1839 1161 1871; x_wconf 76' lang='lat' dir='ltr'>the</span> <span class='ocrx_word' id='word_1_194' title='bbox 1177 1839 1333 1880; x_wconf 63' lang='lat' dir='ltr'>original.</span> 
     </span>
     <span class='ocr_line' id='line_1_32' title="bbox 206 1882 473 1914; baseline -0.004 0"><span class='ocrx_word' id='word_1_195' title='bbox 206 1884 249 1903; x_wconf 71' lang='lat'>²³³</span> <span class='ocrx_word' id='word_1_196' title='bbox 272 1883 354 1914; x_wconf 85' lang='lat' dir='ltr'>luna</span> <span class='ocrx_word' id='word_1_197' title='bbox 372 1882 473 1913; x_wconf 79' lang='lat' dir='ltr'><em>CBE.</em></span> 
     </span>
    </p>

    <p class='ocr_par' dir='ltr' id='par_1_20' title="bbox 206 1924 846 1967">
     <span class='ocr_line' id='line_1_33' title="bbox 206 1924 846 1967; baseline -0.002 -10"><span class='ocrx_word' id='word_1_198' title='bbox 206 1926 250 1946; x_wconf 75' lang='lat'>²⁸⁴</span> <span class='ocrx_word' id='word_1_199' title='bbox 273 1925 444 1967; x_wconf 76' lang='lat' dir='ltr'>cupientis</span> <span class='ocrx_word' id='word_1_200' title='bbox 462 1924 551 1955; x_wconf 79' lang='lat' dir='ltr'>Leo:</span> <span class='ocrx_word' id='word_1_201' title='bbox 572 1924 743 1955; x_wconf 80' lang='lat' dir='ltr'>currentis</span> <span class='ocrx_word' id='word_1_202' title='bbox 759 1926 846 1962; x_wconf 54' lang='lat' dir='ltr'>(es).</span> 
     </span>
    </p>

    <p class='ocr_par' dir='ltr' id='par_1_21' title="bbox 206 1966 954 2007">
     <span class='ocr_line' id='line_1_34' title="bbox 206 1966 954 2007; baseline 0 -7"><span class='ocrx_word' id='word_1_203' title='bbox 206 1969 250 1988; x_wconf 73' lang='lat'>²⁹⁴</span> <span class='ocrx_word' id='word_1_204' title='bbox 274 1968 372 2000; x_wconf 82' lang='lat' dir='ltr'>venia</span> <span class='ocrx_word' id='word_1_205' title='bbox 388 1972 441 1999; x_wconf 77' lang='lat' dir='ltr'>est</span> <span class='ocrx_word' id='word_1_206' title='bbox 458 1967 539 1999; x_wconf 70' lang='lat' dir='ltr'>Este.</span> <span class='ocrx_word' id='word_1_207' title='bbox 587 1966 748 2007; x_wconf 80' lang='lat' dir='ltr'>Tartara]</span> <span class='ocrx_word' id='word_1_208' title='bbox 764 1968 904 1998; x_wconf 82' lang='lat' dir='ltr'>numina</span> <span class='ocrx_word' id='word_1_209' title='bbox 920 1971 954 2000; x_wconf 81' lang='grc' dir='ltr'>Γ.</span> 
     </span>
    </p>
   </div>
   <div class='ocr_carea' id='block_1_6' title="bbox 164 2017 239 2056">
    <p class='ocr_par' dir='ltr' id='par_1_22' title="bbox 164 2017 239 2056">
     <span class='ocr_line' id='line_1_35' title="bbox 164 2017 239 2056; baseline -0.013 -6"><span class='ocrx_word' id='word_1_210' title='bbox 164 2017 239 2056; x_wconf 79' lang='grc'>392</span> 
     </span>
    </p>
   </div>
  </div>
 </body>
</html>
