1399 2271
618 69 808 107 VIRGIL

127 163 362 209 accipimus:
391 158 524 194 Fauno
546 157 658 193 Picus
678 161 804 206 pater,
823 158 934 206 isque
954 162 1159 206 parentem

128 220 181 260 te,
201 214 382 257 Saturne,
403 212 539 257 refert,
558 216 602 248 tu
621 212 822 259 sanguinis
842 210 1004 247 ultimus
1023 216 1168 248 auctor.

128 268 227 304 filius
246 267 336 303 huic
356 266 438 302 fato
457 265 590 301 divum
611 263 819 313 prolesque
839 264 959 301 vii-iiis
1250 268 1299 301 50

127 321 234 357 nulla
253 320 340 365 fuit,
360 322 562 368 primaque
583 320 711 354 oriens
731 322 868 366 erepta
887 320 1048 354 iuventa
1067 323 1139 356 est.

125 374 207 411 sola
224 374 384 410 domum
405 378 445 409 et
464 377 595 409 tantas
614 371 794 408 servabat
812 371 890 406 filia
908 371 1036 417 sedes,

126 431 202 464 iam
220 432 373 463 matura
388 428 482 471 viro,
501 428 577 461 iam
597 425 724 474 plenis
743 424 887 461 nubilis
906 427 1029 462 annis.

125 481 239 517 multi
259 480 366 516 illam
384 492 528 528 magno
549 491 570 515 e
592 478 706 514 Latio
725 483 888 528 totaque
908 479 1101 527 petebant

129 535 309 571 Ausonia.
366 536 469 583 petit
488 537 581 569 ante
600 531 695 568 alios
714 531 1000 580 pulcherrimus
1019 544 1156 569 omnes
1249 536 1296 569 55

125 588 292 632 Turnus,
311 589 392 623 avis
410 588 611 635 atavisque
630 590 785 635 potens,
805 598 924 635 quem
943 587 1052 634 regia
1071 588 1240 623 coniunx

125 641 286 690 adiungi
306 653 496 689 generum
515 642 614 675 miro
632 639 868 688 properabat
886 651 1018 675 amore
1033 651 1042 683 3

124 695 194 732 sed
214 697 326 730 variis
345 698 530 743 portenta
548 693 668 729 deum
686 693 900 729 terroribus
919 693 1090 730 obstant.

126 749 255 784 laurus
275 753 359 784 erat
378 749 475 783 tecti
494 746 625 782 medio
644 748 684 782 in
704 745 974 794 penetralibus
993 742 1095 791 altis,'
1218 759 1297 783 MPR

125 815 230 838 sacra
244 814 394 837 comam
414 799 638 849 multosque
658 804 768 836 metu
788 804 942 836 servata
960 812 1032 848 per
1051 812 1188 846 annos,
1247 799 1297 837 60

124 868 240 904 quam
261 859 374 904 pater
392 856 608 899 inventam,
628 855 771 902 primas
791 866 880 889 cum
900 853 1091 891 conderet
1109 866 1231 900 arces,

124 911 207 957 ipse
226 907 427 944 ferebatur
448 906 606 943 Phoebo
626 919 795 943 sacrasse
817 905 994 952 Latinus,

127 962 414 1010 Laurentisque
433 960 482 996 ab
503 973 549 996 ea
567 972 713 996 nomen
733 962 907 1008 posuisse
927 959 1084 997 colonis.

123 1015 237 1051 huius
255 1027 349 1064 apes
368 1027 564 1050 summum
583 1013 730 1050 densae
750 1012 943 1063 (mirabile
963 1012 1103 1064 dictu),

122 1068 290 1105 stridore
308 1070 463 1117 ingenti
483 1066 676 1116 liquidum
696 1071 804 1103 trans
824 1066 986 1103 aethera
1005 1072 1156 1112 vectae,
1247 1066 1295 1101 65

122 1121 312 1158 obsedere
330 1124 483 1170 apicem
503 1126 544 1157 et
563 1120 729 1169 pedibus
748 1132 819 1169 per
837 1125 974 1157 mutua
993 1123 1104 1157 nexis

123 1188 288 1212 examen
307 1175 482 1212 subitum
501 1186 608 1210 ramo
627 1172 839 1210 frondente
858 1173 1063 1222 pependit.

122 1231 310 1265 continuo
328 1233 438 1264 vates
457 1231 481 1248 “
494 1232 703 1264 externum
724 1226 957 1272 cernimus,”
978 1229 1118 1277 inquit,

124 1282 371 1318 “adventare
394 1283 519 1317 virum
539 1285 580 1317 et
599 1283 720 1329 partis
739 1285 877 1329 petere
896 1293 1040 1329 agmen
1059 1281 1217 1318 easdem

123 1335 298 1385 partibus
318 1347 366 1371 ex
386 1334 511 1371 isdem
531 1339 574 1371 et
592 1347 743 1370 summa
763 1333 999 1371 dominarier
1017 1335 1145 1372 arce.’'
1248 1337 1296 1374 70

121 1394 339 1438 praeterea,
359 1390 475 1424 castis
493 1386 628 1424 adolet
647 1387 742 1423 dum
761 1386 899 1423 altaria
918 1387 1045 1424 taedis

121 1447 164 1480 et
181 1445 291 1479 iuxta
309 1444 532 1491 genitorem
551 1440 682 1477 adstat
703 1439 863 1476 Lavinia
883 1443 1003 1490 virgo,

121 1498 212 1541 visa,
232 1495 354 1540 nefas,
374 1494 502 1544 longis
522 1493 805 1543 comprendere
825 1494 996 1531 crinibus
1016 1497 1162 1543 ignem,

120 1554 240 1599 atque
260 1561 417 1585 omnem
437 1553 620 1585 ornatum
637 1547 792 1583 flamma
811 1550 1033 1597 crepitante
1054 1551 1229 1595 cremari,

120 1602 340 1652 regalisque
359 1614 523 1638 accensa
541 1613 684 1646 comas,
702 1613 866 1637 accensa
885 1614 1066 1637 coronam
1246 1604 1294 1641 75

120 1659 315 1704 insignem
335 1657 525 1704 gemmis3
552 1659 639 1691 tum
657 1653 807 1691 fumida
825 1654 975 1691 lumine
994 1654 1102 1692 fulvo

119 1709 264 1746 involvi
283 1722 327 1745 ac
347 1711 441 1745 totis
463 1707 678 1744 Volcanum
697 1720 881 1757 spargere
900 1711 1029 1745 tectis.

119 1763 158 1800 id
180 1775 270 1800 vero
289 1761 530 1799 horrendum
549 1774 594 1798 ac
614 1763 696 1798 visu
716 1761 894 1798 mirabile
914 1761 1031 1799 ferri:

119 1829 289 1866 namque
308 1815 391 1852 fore
410 1815 618 1852 inlustrem
638 1814 741 1850 fama
761 1814 930 1864 satisque
950 1815 1146 1852 canebant

119 1873 256 1921 ipsam,
275 1869 343 1906 sed
364 1869 509 1919 populo
528 1881 715 1917 magnum
735 1868 972 1917 portendere
992 1869 1151 1906 bellum.
1246 1873 1295 1906 80

501 1939 530 1958 ⁵³
554 1939 587 1969 in
604 1938 714 1979 plenis
730 1938 767 1969 P.

501 1981 529 2001 ’Π
552 1981 647 2021 dum]
663 1991 738 2012 cum
756 1980 898 2013 Nonius.

118 2028 143 2064 6
