1399 2271
677 62 866 99 VIRGIL

182 149 277 185 Tros
300 148 516 185 Rutulusve
536 148 633 194 fuat,
654 148 763 185 nullo
784 148 1008 185 discrimine
1027 147 1194 192 habebo,

182 220 249 244 seu
270 207 360 244 fatis
383 208 527 244 Italum
548 213 673 244 castra
692 207 897 244 obsidione
917 212 1108 244 tenentur

181 269 261 302 sive
282 279 411 303 errore
430 267 533 303 malo
553 267 692 303 Troiae
711 269 949 316 monitisque
970 268 1146 302 sinistris.
1287 269 1357 301 110

181 338 254 362 nec
277 325 441 362 Rutulos
460 325 577 362 solvo.
635 338 704 362 sua
723 328 864 374 cuique
885 338 1021 362 exorsa
1039 324 1216 360 laborem

181 383 457 433 fortunamque
477 383 618 421 ferent.
676 396 744 420 rex
765 383 945 433 Iuppiter
963 383 1142 419 omnibus
1162 382 1266 418 idem
1283 394 1291 427 ;

181 441 260 478 fata
280 445 380 478 viam
400 442 644 479 invenient.''
700 442 827 492 Stygii
848 455 918 491 per
937 441 1096 478 flumina
1116 440 1260 487 fratris,

181 514 251 549 per
270 503 356 549 pice
375 504 562 537 torrentis
582 505 745 550 atraque
767 504 952 549 voragine
974 503 1075 550 ripas

180 559 319 596 adnuit
338 565 380 596 et
398 565 526 596 totum
548 564 647 596 nutu
667 559 894 596 tremefecit
915 558 1140 608 Olympum.
1285 563 1354 595 115

182 618 244 654 hic
264 618 350 655 finis
370 618 490 655 fandi.
549 619 644 655 solio
664 624 748 655 tum
771 618 950 667 Iuppiter
969 631 1087 654 aureo

180 681 318 726 surgit,
339 677 546 714 caelicolae
565 677 740 713 medium
760 689 879 727 quem
898 676 948 712 ad
968 676 1103 712 limina
1122 676 1284 714 ducunt.

234 736 392 772 Interea
415 736 549 772 Rutuli
569 738 692 785 portis
712 738 857 772 circum
877 736 1056 771 omnibus
1076 738 1227 772 instant

179 800 356 831 sternere
377 794 497 830 caede
518 796 618 830 viros
639 799 681 830 et
699 796 855 830 moenia
876 797 1036 843 cingere
1056 793 1231 831 flammis.

179 859 220 890 at
238 853 342 902 legio
363 852 596 889 Aeneadum
617 852 726 888 vallis
747 853 902 889 obsessa
921 857 1096 897 tenetur,
1286 859 1356 891 120

179 925 252 949 nec
272 925 360 961 spes
381 912 460 948 ulla
479 911 607 960 fugae.
665 914 796 947 miseri
817 916 924 948 stant
943 912 1115 948 turribus
1135 911 1224 948 altis

179 974 417 1021 nequiquam
438 976 479 1007 et
499 983 582 1006 rara
601 983 731 1006 muros
752 973 909 1006 cinxere
931 983 1082 1007 corona.

179 1031 295 1067 Asius
316 1029 552 1065 Imbrasides
573 1029 914 1078 Hicetaoniusque
934 1028 1176 1078 Thymoetes

179 1090 435 1137 Assaracique
455 1088 533 1124 duo
553 1092 595 1123 et
614 1089 744 1124 senior
759 1100 847 1123 cum
864 1087 1023 1124 Castore
1039 1087 1249 1137 Thymbris

178 1151 301 1197 prima
321 1150 447 1190 acies;
476 1146 546 1182 hos
566 1149 742 1195 germani
764 1145 1000 1195 Sarpedonis
1020 1147 1146 1191 ambo,
1284 1153 1354 1185 125

178 1213 219 1243 et
239 1207 373 1243 Clarus
393 1211 434 1242 et
454 1204 669 1250 Thaemon,
692 1205 811 1254 Lycia
831 1208 1070 1242 comitantur
1089 1206 1138 1242 ab
1157 1206 1247 1243 alta.

178 1266 255 1303 fert
274 1269 414 1314 ingens
434 1269 519 1301 toto
540 1267 702 1300 conixus
722 1277 883 1313 corpore
902 1277 1052 1310 saxum,

176 1325 280 1361 haud
301 1329 453 1373 partem
474 1326 656 1372 exiguam
675 1326 833 1368 montis,
855 1323 1066 1372 Lyrnesius
1088 1325 1252 1371 Acmon,

176 1397 250 1421 nec
271 1384 400 1432 Clytio
420 1385 600 1431 genitore
619 1384 747 1418 minor
766 1395 839 1418 nec
860 1381 979 1419 fratre
1002 1383 1250 1420 Menestheo.

177 1443 217 1479 hi
237 1442 385 1487 iaculis,
404 1441 461 1476 illi
482 1445 637 1477 certant
657 1439 875 1477 defendere
895 1443 996 1477 saxis
1281 1448 1353 1480 130

176 1502 382 1551 molirique
402 1503 536 1549 ignem
557 1513 757 1549 nervoque
777 1505 913 1549 aptare
934 1503 1108 1549 sagittas.

176 1565 259 1610 ipse
278 1563 384 1597 inter
402 1559 565 1604 medios,
587 1559 752 1595 Veneris
773 1561 982 1596 iustissima
1002 1572 1106 1606 cura,

178 1620 398 1656 Dardanius
417 1623 549 1667 caput,
568 1631 673 1662 ecce,
693 1631 791 1666 puer
810 1618 993 1655 detectus
1013 1618 1236 1665 honestum,

176 1679 300 1729 qualis
319 1691 475 1727 gemma
494 1680 625 1722 micat,
645 1676 796 1712 fulvum
816 1690 916 1725 quae
936 1677 1078 1714 dividit
1097 1691 1246 1724 aurum,

175 1744 244 1775 aut
263 1738 363 1774 collo
382 1737 503 1774 decus
521 1741 590 1773 aut
610 1738 740 1785 capiti,
762 1736 824 1773 vel
844 1736 959 1786 quale
980 1749 1050 1785 per
1068 1742 1194 1773 artem
1281 1742 1351 1774 135

175 1797 368 1833 inclusum
388 1797 492 1832 buxo
512 1800 581 1831 aut
601 1794 732 1831 Oricia
752 1795 982 1831 terebintho

176 1856 283 1892 lucet
303 1855 423 1898 ebur;
451 1854 556 1890 fusos
577 1856 708 1890 cervix
728 1856 789 1890 cui
811 1853 938 1890 lactea
958 1857 1074 1891 crinis

389 1923 432 1943 ¹¹⁰
454 1922 638 1953 monitisve
653 1921 730 1961 Ργ1.
841 1921 884 1941 111
906 1922 1049 1963 quisque
1064 1922 1125 1953 M1.

394 1966 436 1986 ¹2⁶
460 1966 545 2005 alta]
561 1964 625 1997 Ida
640 1965 717 2004 P72.
851 1964 893 1985 ¹³⁷
916 1966 1032 1997 cervix
1048 1965 1141 1997 fusos
1157 1967 1216 2006 Py.

182 2012 251 2051 178
