1399 2271
648 59 838 95 VIRGIL

159 160 237 197 quo
254 148 410 196 sonipes
429 148 508 182 ictu
530 144 625 182 furit
643 145 786 182 arduus
807 146 964 196 altaque
979 148 1101 184 iactat

160 209 327 246 volneris
345 210 556 257 impatiens
575 213 727 245 arrecto
747 214 908 257 pectore
928 222 1048 246 crura.

160 268 326 305 volvitur
344 268 410 304 ille
431 280 615 304 excussus
634 266 753 303 humi.
812 267 975 305 Catillus
997 268 1121 305 Iollan
1256 269 1332 308 640

158 330 442 376 ingentemque
461 328 613 371 animis,
629 328 836 375 ingentem
856 339 1017 376 corpore
1037 333 1078 364 et
1097 331 1225 376 armis,

157 386 277 422 deicit
299 386 567 431 Herminium,
585 383 691 420 nudo
712 387 773 421 cui
793 387 941 422 vertice
962 385 1068 422 fulva

156 447 343 481 caesaries
362 443 537 493 nudique
557 446 705 487 umeri;
733 456 807 480 nec
827 444 986 481 volnera
1004 450 1181 491 terrent;

156 509 289 541 tantus
309 506 349 539 in
368 516 474 539 arma
494 507 615 551 patet.
664 502 764 539 latos
779 502 870 539 huic
885 503 997 539 hasta
1012 517 1082 552 per
1097 519 1224 544 armos

154 569 241 600 acta
260 565 396 599 tremit
415 561 670 611 duplicatque
690 564 814 598 virum
834 562 1018 598 transfixa
1038 563 1183 603 dolore.
1273 579 1328 604 mn

154 622 333 659 funditur
351 626 436 658 ater
455 622 600 670 ubique
621 632 755 663 cruor;
784 619 882 657 dant
902 620 1040 658 funera
1059 622 1162 660 ferro
1253 624 1328 663 646

153 685 352 718 certantes
363 679 646 729 pulchramque
659 683 804 728 petunt
816 692 887 728 per
899 679 1057 717 volnera
1070 687 1248 721 mortem.

205 739 260 776 At
279 738 429 775 medias
448 741 553 775 inter
571 737 711 774 caedes
731 738 904 775 exsultat
923 738 1112 786 Amazon,

152 812 273 835 unum
294 802 449 835 exserta
467 797 570 833 latus
590 809 761 845 pugnae,
781 796 1008 845 pharetrata
1028 798 1203 847 Camilla,

151 863 192 895 et
211 871 316 894 nunc
336 858 445 893 lenta
464 869 582 892 manu
602 868 790 905 spargens
810 855 966 892 hastilia
986 856 1140 904 denset,
1249 859 1325 899 650

150 930 254 953 nunc
274 916 440 951 validam
461 915 601 951 dextra
621 917 723 963 rapit
742 914 939 951 indefessa
958 916 1195 964 bipennem;

148 988 288 1011 aureus
308 988 355 1011 ex
376 987 511 1010 umero
530 978 644 1010 sonat
663 986 772 1009 arcus
793 978 835 1009 et
853 987 960 1009 arma
981 973 1142 1012 Dianae.

148 1034 214 1070 illa
233 1036 366 1078 etiam,
387 1035 418 1069 si
438 1032 595 1081 quando
614 1034 655 1067 in
674 1037 831 1080 tergum
851 1032 962 1080 pulsa
982 1037 1157 1080 recessit,

147 1092 295 1141 spicula
315 1104 502 1128 converso
522 1090 716 1140 fugientia
735 1090 871 1139 dirigit
889 1104 991 1128 arcu.

147 1157 187 1188 at
206 1154 352 1187 circum
371 1150 499 1187 lectae
520 1152 695 1194 comites,
719 1148 938 1199 Larinaque
960 1152 1068 1199 virgo
1246 1153 1321 1192 655

146 1210 338 1259 Tullaque
358 1213 399 1245 et
418 1213 590 1244 aeratam
611 1210 792 1257 quatiens
811 1207 977 1257 Tarpeia
995 1213 1176 1257 securim,

148 1268 323 1314 Italides,
342 1280 436 1316 quas
456 1269 539 1315 ipsa
559 1266 679 1302 decus
699 1267 771 1302 sibi
792 1266 855 1302 dia
876 1266 1038 1303 Camilla

144 1327 297 1375 delegit
315 1328 499 1375 pacisque
519 1326 640 1361 bonas
660 1325 833 1374 bellique
852 1327 1073 1363 ministras:

144 1385 279 1434 quales
297 1384 502 1420 Threiciae
523 1396 611 1419 cum
632 1383 791 1419 flumina
810 1383 1117 1422 Thermodontis

143 1443 302 1492 pulsant
322 1447 364 1479 et
383 1444 497 1491 pictis
517 1442 717 1478 bellantur
736 1442 957 1479 Amazones
977 1446 1106 1489 armis,
1242 1444 1319 1484 660

143 1515 210 1537 seu
231 1504 377 1537 circum
401 1500 649 1550 Hippolyten
669 1513 737 1537 seu
758 1513 845 1537 cum
867 1514 908 1537 se
931 1501 1073 1538 Martia
1093 1516 1206 1540 curru

145 1559 395 1597 Penthesilea
414 1560 550 1605 refert,
568 1572 791 1609 magnoque
813 1559 990 1597 ululante
1010 1562 1184 1599 tumultu

141 1619 313 1655 feminea
333 1618 534 1655 exsultant
553 1618 698 1655 lunatis
718 1621 875 1667 agmina
895 1619 1023 1668 peltis.

193 1678 324 1722 Quem
336 1677 417 1714 telo
429 1680 609 1726 primum,
623 1690 740 1727 quem
754 1682 1009 1727 postremum,
1021 1692 1158 1729 aspera
1170 1684 1291 1731 virgo,

140 1736 287 1773 deicis?
314 1742 382 1772 aut
402 1741 498 1786 quot
518 1736 625 1772 humi
646 1739 854 1773 morientia
873 1750 1033 1786 corpora
1050 1738 1208 1776 fundis?
1238 1739 1312 1778 665

140 1796 321 1832 Euneum
342 1795 471 1844 Clytio
492 1798 660 1843 primum
680 1800 805 1844 patre,
825 1798 934 1832 cuius
952 1801 1133 1845 apertum

223 1877 267 1896 ‘⁵³⁸
290 1876 372 1908 ferit
387 1878 479 1909 MlR.
572 1877 617 1896 ⁶⁴⁴
640 1880 778 1909 tantum
794 1878 831 1909 R.
919 1878 964 1897 ⁸⁵⁰
988 1878 1110 1909 densat
1130 1881 1242 1920 wley.

223 1920 267 1939 ⁶⁵³
290 1920 324 1951 in
341 1923 476 1961 tergum
493 1920 519 1951 si
537 1919 675 1962 quando
690 1920 718 1960 b,
738 1920 885 1952 Ribbeck.

223 1963 266 1982 ⁶⁵⁷
290 1962 372 1995 diva.
387 1962 527 2003 M¹7²c¹:
552 1963 639 1995 dura
654 1964 694 1996 R.
910 1963 955 1983 ⁰⁵⁸
978 1964 1086 1996 bonae
1103 1965 1179 2004 [ῗγῑ.

139 2009 214 2046 27⁸
