1399 2271
646 58 834 95 VIRGIL

150 144 250 181 dixit
269 149 309 180 et
331 149 520 194 exceptus
539 150 654 194 tergo
674 150 860 182 consueta
880 145 1023 182 locavit

150 204 324 240 membra
345 217 560 254 manusque
579 205 711 241 ambas
731 205 865 240 iaculis
886 207 1062 241 oneravit
1080 208 1217 249 acutis,

149 276 239 300 aere
260 268 378 312 caput
397 263 555 312 fulgens
574 267 770 313 cristaque
791 264 963 300 hirsutus
983 266 1137 313 equina.

149 324 203 359 sic
215 335 371 359 cursum
382 325 423 359 in
435 323 586 360 medios
598 322 756 372 rapidus
767 322 889 359 dedit.
919 327 1074 359 aestuat
1086 325 1226 372 ingens
1247 323 1320 360 870

149 394 228 419 uno
246 384 287 419 in
307 381 424 419 corde
444 382 571 432 pudor
588 384 791 432 mixtoque
811 384 961 418 insania
980 382 1100 418 luctu.

202 441 336 491 Atque
355 441 420 478 hie
439 441 605 478 Aenean
624 454 767 490 magna
786 445 850 478 ter
868 454 962 477 voce
982 443 1148 477 vocavit.
1247 442 1321 479 873

150 501 305 538 Aeneas
324 500 514 550 adgnovit
533 503 639 538 enim
659 500 865 550 laetusque
885 505 1069 549 precatur
1085 513 1093 536 :

149 564 172 581 “
185 563 238 596 sic
258 565 371 609 pater
390 560 457 596 ille
476 559 595 597 deum
615 560 746 605 faciat,
766 562 820 595 sie
840 559 942 596 altus
963 559 1129 608 Apollo!
1248 561 1320 598 875

147 622 310 669 incipias
329 619 508 656 conferre
527 619 724 656 manum.’'

148 684 303 715 tantum
323 679 476 724 effatus,
496 683 538 715 et
560 678 704 714 infesta
724 678 831 715 subit
849 678 985 715 obvius
1005 677 1128 714 hasta.

148 738 214 774 ille
233 743 390 774 autem:
418 741 444 758 “
457 737 551 787 quid
570 750 635 774 me
656 743 806 786 erepto,
827 740 1063 782 saevissime,
1083 742 1178 773 nato

148 797 300 833 terres?
330 796 426 833 haee
446 799 507 832 via
526 795 607 833 sola
627 795 716 841 fuit,
737 809 812 846 qua
833 795 999 845 perdere
1019 809 1163 845 posses,

146 868 221 892 nec
239 860 408 892 mortem
429 854 633 892 horremus
653 868 727 891 nec
747 855 880 891 divum
901 858 1093 904 parcimus
1113 855 1194 892 ulli.
1248 860 1322 892 880

146 914 307 952 desine:
336 927 425 950 nam
446 916 562 951 venio
580 917 790 951 moriturus
811 920 853 951 et
871 914 969 951 haec
988 915 1060 951 tibi
1082 919 1194 963 porto

146 973 250 1009 dona
267 973 412 1023 p1·ius.’'
469 973 570 1010 dixit
588 973 793 1024 telumque
814 976 971 1010 intorsit
990 976 1029 1010 in
1050 974 1215 1011 hostem.

146 1033 239 1070 inde
257 1032 364 1069 aliud
385 1045 502 1081 super
520 1038 639 1082 atque
659 1032 765 1069 aliud
785 1032 949 1082 figitque
970 1032 1153 1082 volatque

146 1094 300 1141 ingenti
321 1105 431 1142 gyro,
450 1091 520 1128 sed
540 1094 710 1128 sustinet
729 1105 868 1129 aureus
889 1094 1018 1129 umbo.

146 1158 208 1188 ter
227 1154 371 1188 circum
391 1151 616 1188 adstantem
635 1150 766 1188 laevos
785 1153 978 1201 equitavit
995 1153 1036 1187 in
1058 1152 1173 1197 orbis,
1248 1156 1320 1189 885

146 1211 226 1247 tela
244 1223 362 1246 manu
383 1212 540 1256 iaciens,
561 1214 624 1246 ter
642 1223 775 1247 secum
794 1210 932 1246 Troius
953 1209 1068 1246 heros

145 1273 357 1306 immanem
377 1274 510 1306 aerato
530 1268 756 1306 circumfert
774 1272 953 1318 tegmine
972 1269 1118 1305 silvam.

145 1329 239 1366 inde
258 1329 325 1365 ubi
344 1334 406 1366 tot
425 1330 589 1365 traxisse
608 1341 747 1373 moras,
768 1333 829 1365 tot
848 1328 996 1377 spicula
1015 1328 1153 1365 taedet

146 1388 292 1425 vellere
313 1393 355 1425 et
372 1393 539 1437 urgetur
557 1401 691 1437 pugna
710 1400 942 1437 congressus
961 1389 1106 1438 iniqua,

145 1447 270 1484 multa
283 1460 446 1484 movens
460 1449 591 1483 animo
605 1449 681 1482 iarn
694 1446 858 1483 tandem
872 1449 1043 1496 erumpit
1056 1452 1097 1484 et
1112 1450 1217 1484 inter
1247 1451 1321 1489 890

145 1506 345 1543 bellatoris
365 1508 457 1556 equi
477 1519 569 1542 cava
588 1510 768 1555 tempora
787 1507 932 1542 conicit
951 1505 1114 1544 hastam.

145 1565 251 1602 tollit
270 1577 311 1602 se
330 1569 526 1601 arrectum
547 1563 770 1614 quadrupes
790 1569 832 1601 et
851 1563 1020 1600 calcibus
1041 1576 1151 1600 auras

145 1626 326 1662 verberat
345 1624 589 1673 effusumque
610 1626 785 1673 equitem
805 1636 923 1672 super
942 1625 1025 1672 ipse
1045 1628 1203 1660 secutus

144 1683 321 1732 implicat
340 1685 545 1731 eiectoque
566 1683 760 1718 incumbit
780 1695 946 1719 cernuus
964 1694 1082 1718 armo.

144 1743 313 1779 clamore
332 1741 555 1778 incendunt
573 1741 725 1778 caelum
745 1740 945 1791 Troesque
967 1740 1188 1791 Latinique,
1246 1745 1319 1784 895

144 1801 301 1837 advolat
324 1801 478 1837 Aeneas
497 1802 716 1849 vaginaque
737 1802 854 1849 eripit
874 1813 1007 1836 ensem

317 1878 361 1897 ⁸⁷2
391 1892 418 1904 =
436 1887 500 1909 ΧΠ.
521 1878 594 1912 6652,
613 1878 747 1908 omitted
763 1878 804 1918 by
820 1877 1020 1917 ΜΡΚγῙαῙῙι,

315 1921 359 1939 ⁸⁹³
383 1921 541 1961 fugitque
559 1921 696 1952 MlPlc1.
817 1921 859 1939 ⁸⁵¹
885 1931 1001 1951 aereus
1019 1921 1092 1951 MP.

315 1964 359 1982 ⁸⁸⁷
383 1964 517 2003 agmine
535 1964 582 2002 γ’,
811 1964 855 1982 ⁸⁵⁴⁴
878 1964 1036 1994 cernulus
1052 1963 1173 2003 P²R7¹.

147 2013 224 2044 230
