1399 2271
657 55 848 93 VIRGIL

169 142 316 180 multae
337 142 443 179 illam
463 141 606 179 frustra
625 141 829 192 Tyrrhena
847 154 919 191 per
933 140 1077 191 oppida
1092 145 1238 178 matres

168 209 354 253 optavere
372 216 538 248 nurum3
565 203 646 240 sola
665 208 854 240 contenta
874 203 1002 239 Diana

168 271 374 302 aeternum
394 265 563 302 telorum
583 270 625 302 et
645 267 881 314 virginitatis
900 277 1073 301 amorem

169 330 404 364 intemerata
424 326 529 363 colit.
585 326 729 363 vellem
749 326 854 362 haud
875 330 1055 375 correpta
1074 325 1213 362 fuisset

169 388 308 425 militia
327 389 409 434 tali,
429 393 569 425 conata
588 388 779 425 lacessere
799 388 972 425 Teucros
988 401 997 425 z
1268 390 1342 424 585

169 463 256 486 cara
274 449 370 485 mihi
390 451 657 499 comitumque
678 448 781 486 foret
800 461 905 485 nunc
925 461 1003 485 una
1021 460 1208 484 mearum.

171 525 305 548 verum
324 524 411 561 age,
431 510 751 561 quandoquidem
772 510 863 547 fatis
882 515 1046 560 urgetur
1064 510 1228 556 acerbis,

170 572 314 619 labere,
334 573 521 623 nympha,
541 573 631 622 polo
651 573 815 622 finisque
834 575 958 609 invise
979 571 1152 617 Latinos,

169 637 292 671 tristis
312 635 378 671 ubi
398 634 571 670 infausto
591 637 852 670 committitur
871 636 1002 670 omine
1022 646 1167 682 pugna.

169 696 265 733 haec
279 709 373 745 cape
388 702 429 733 et
442 696 623 733 ultricem
637 696 821 745 pharetra
833 695 1021 747 deprome
1035 698 1239 746 sagittam:
1270 699 1344 737 590

169 758 253 803 hac,
274 761 510 807 quicumque
531 771 682 794 sacrum
698 757 852 794 violarit
872 757 1032 794 volnere
1052 770 1204 806 corpus,

169 819 265 856 Tros
287 819 471 865 Italusve,
493 819 589 855 mihi
609 822 755 868 pariter
775 819 846 855 det
865 821 1056 868 sanguine
1076 832 1233 868 poenas.

170 885 259 929 post
278 893 353 929 ego
373 881 478 916 nube
500 894 592 916 cava
611 880 857 917 miserandae
879 893 1018 929 corpus
1039 885 1080 917 et
1099 893 1205 916 arma

168 941 376 990 inspoliata
395 940 519 977 feram
539 940 692 978 tumulo
711 944 941 990 patriaeque
960 941 1186 990 reponam.''

169 1003 291 1039 dixit:
319 1008 361 1039 at
381 1002 447 1038 illa
467 1003 563 1039 levis
583 1002 680 1039 caeli
701 1002 861 1052 delapsa
881 1016 951 1052 per
969 1016 1081 1039 auras
1268 1007 1342 1045 595

168 1067 354 1109 insonuit,
374 1067 487 1113 nigro
507 1064 747 1100 circumdata
767 1064 925 1100 turbine
946 1076 1095 1113 corpus.

221 1125 278 1161 At
296 1138 434 1161 manus
454 1127 607 1161 interea
626 1127 746 1162 muris
766 1124 934 1161 Troiana
954 1127 1191 1174 propinquat

169 1186 404 1236 Etruscique
424 1186 544 1222 duces
565 1189 823 1236 equitumque
844 1189 1038 1223 exercitus
1058 1190 1195 1232 omnis,

169 1250 361 1298 conpositi
378 1261 542 1284 numero
557 1250 597 1284 in
614 1253 772 1284 turmas.
822 1248 956 1284 fremit
971 1261 1138 1298 aequore
1154 1253 1239 1285 toto

167 1310 360 1347 insultans
379 1313 535 1359 sonipes
555 1315 598 1347 et
616 1312 758 1359 pressis
778 1315 930 1359 pugnat
950 1309 1115 1346 habenis
1267 1309 1343 1347 600

168 1371 244 1407 huc
264 1384 474 1407 conversus
495 1376 537 1407 et
556 1370 657 1415 huc;
685 1376 771 1407 tum
791 1371 871 1407 late
892 1370 1042 1407 ferreus
1064 1371 1186 1408 hastis

168 1432 303 1469 horret
322 1446 417 1482 ager
435 1435 641 1482 campique
661 1436 777 1469 armis
797 1433 1028 1469 sublimibus
1048 1433 1201 1471 ardent.

167 1508 242 1531 nec
262 1508 341 1531 non
363 1495 566 1544 Messapus
586 1500 722 1531 contra
742 1494 968 1544 celeresque
990 1494 1121 1531 Latini

168 1561 210 1593 et
228 1569 317 1593 cum
337 1556 458 1593 fratre
479 1556 594 1593 Coras
615 1561 657 1593 et
676 1559 836 1606 virginis
855 1556 916 1592 ala
936 1556 1122 1593 Camillae

167 1617 320 1654 adversi
341 1631 478 1667 campo
498 1623 690 1667 apparent
710 1618 920 1667 hastasque
941 1617 1114 1654 reductis
1267 1617 1341 1655 605

166 1679 413 1728 protendunt
432 1679 551 1728 longe
571 1679 720 1716 dextris
741 1684 783 1716 et
802 1679 950 1728 spicula
970 1680 1137 1725 vibrant,

166 1740 438 1791 adventusque
453 1743 576 1778 virum
590 1741 849 1790 fremitusque
862 1740 1032 1777 ardescit
1044 1753 1243 1790 equorum.

210 1831 254 1850 ⁶⁹²
278 1842 332 1862 -ve
349 1842 374 1869 c,
394 1832 550 1863 Servius:
566 1842 645 1873 -que
662 1831 799 1872 MPR—yb
816 1832 865 1870 (in
880 1831 931 1863 che
947 1831 1011 1862 last
1027 1841 1103 1862 over
1118 1841 1163 1862 an
1178 1833 1336 1870 erasure).

210 1874 254 1893 ⁵9⁵
277 1874 423 1905 demissa
440 1876 538 1914 Plzyc
550 1884 562 1906 .·
584 1875 726 1906 dimissa
742 1876 767 1906 b.

210 1917 253 1936 ⁶⁰¹
276 1917 438 1948 obversus
456 1919 494 1949 R.
711 1918 756 1937 ⁶⁰²
778 1917 896 1957 armis]
913 1917 1021 1948 hastis
1038 1917 1112 1955 P72.

209 1959 252 1978 ⁶⁰⁵
277 1960 435 1991 reductas
452 1960 514 1993 21¹.
711 1960 754 1980 ⁶⁰⁸
777 1960 1010 2002 praetendunt
1026 1960 1088 1993 ΛΡ.

167 2006 242 2042 274·
