1399 2271
674 69 864 106 VIRGIL

184 155 362 192 tardatur
382 167 548 204 caroque
568 157 677 192 oneri
695 157 823 193 timet.
879 158 1010 192 onmia
1029 168 1163 192 secum
1279 159 1354 193 550

185 211 354 245 versanti
374 209 504 245 subito
524 211 586 245 vix
606 209 703 245 haec
722 212 922 245 sententia
940 208 1067 246 sedit:

185 262 308 298 telum
327 264 498 298 immane
517 275 635 298 manu
656 261 782 298 valida
801 263 905 311 quod
926 262 1027 299 forte
1046 263 1214 312 gerebat

185 316 363 360 bellator,
383 315 550 352 solidum
569 315 682 352 nodis
702 320 744 352 et
761 316 898 352 robore
918 321 1042 361 cocto,

186 369 275 405 huic
295 374 442 414 natam,
461 369 559 405 libro
579 375 621 406 et
639 369 808 405 silvestri
828 370 969 406 subere
989 369 1173 416 clausam,

185 422 360 472 implicat
371 429 491 472 atque
504 422 674 459 habilem
688 422 840 459 mediae
853 423 1098 472 circumligat
1110 422 1264 468 hastae3
1280 427 1354 460 555

185 489 302 526 quam
321 476 461 512 dextra
475 478 631 525 ingenti
650 476 796 513 librans
814 479 870 512 ita
882 476 931 513 ad
945 476 1109 513 aethera
1123 476 1250 514 fatur:

186 534 195 550 ‘
207 529 322 575 alma,
336 530 409 566 tibi
430 529 543 574 hanc,
559 542 762 566 nemorum
778 529 933 575 cultrix,
950 529 1115 566 Latonia
1130 532 1252 579 virgo,

185 586 268 632 ipse
287 588 400 632 pater
418 582 603 619 famulam
625 596 768 627 voveo;
796 589 865 620 tua
882 585 1008 632 prima
1027 596 1098 632 per
1114 596 1226 619 auras

185 637 266 673 tela
279 642 422 673 tenens
437 637 603 686 supplex
618 636 772 673 hostem
792 637 905 685 fugit.
952 639 1100 685 accipe,
1113 641 1253 682 testor,

185 690 274 726 diva
292 695 414 735 tuam,
434 703 534 739 quae
555 703 659 726 nunc
679 690 807 726 dubiis
828 692 1089 727 committitur
1106 692 1234 727 auris.’
1280 688 1356 727 560

185 744 286 780 dixit
305 748 347 780 et
365 743 537 780 adducto
557 749 782 780 contortum
801 743 942 780 hastile
961 743 1110 780 lacerto

185 799 387 833 immittit:
416 810 582 833 sonuere
603 797 744 842 undae,
764 797 943 846 rapidum
964 810 1081 846 super
1094 810 1252 834 amnem

186 850 323 886 infelix
344 850 446 899 fugit
463 853 501 886 in
523 850 648 886 iaculo
667 851 861 887 stridente
881 850 1053 887 Camilla.

184 909 226 940 at
246 904 442 948 Metabus,
461 917 604 953 magna
623 907 780 953 propius
800 907 876 940 iam
897 910 1065 953 urgente
1085 909 1252 949 caterva,

185 957 254 993 dat
273 970 358 994 sese
378 957 505 1001 fluvio,
525 962 643 1006 atque
664 958 815 994 hastam
836 970 924 993 cum
944 960 1095 1006 virgine
1115 960 1238 994 victor
1281 956 1355 994 565

185 1013 399 1059 gramineO,
419 1011 566 1046 donum
585 1010 750 1056 Triviae,
770 1011 821 1047 de
841 1014 1013 1059 caespite
1033 1010 1154 1047 vellit.

185 1076 263 1099 non
284 1064 394 1099 illum
415 1066 532 1100 tectis
553 1063 668 1109 ullae,
687 1077 767 1100 non
786 1065 992 1100 moenibus
1012 1064 1127 1100 urbes

184 1130 385 1166 accepere,
404 1130 534 1166 neque
553 1120 636 1166 ipse
657 1131 794 1154 manus
813 1117 971 1154 feritate
991 1117 1190 1155 dedisset:

185 1176 383 1219 pastorum
405 1176 447 1207 et
465 1171 556 1207 solis
575 1174 710 1219 exegit
729 1172 929 1207 montib-us
947 1183 1097 1207 aevum.

186 1225 247 1260 hic
267 1229 399 1261 natam
420 1227 460 1260 in
480 1224 608 1261 dumis
626 1227 809 1273 interque
830 1224 1030 1260 horrentia
1048 1224 1172 1261 lustra
1282 1225 1357 1263 570

185 1277 412 1314 armentalis
433 1290 557 1326 equae
576 1280 755 1314 mammis
774 1283 816 1314 et
835 1277 937 1313 lacte
958 1277 1084 1313 ferino

185 1332 374 1376 nutribat,
394 1334 542 1367 teneris
562 1331 800 1380 immulgens
820 1332 940 1366 ubera
960 1331 1087 1367 labris.

184 1390 306 1433 utque
327 1384 472 1433 pedum
495 1387 627 1432 primis
647 1384 775 1420 infans
795 1386 960 1433 vestigia
979 1384 1126 1432 plantis

184 1440 395 1482 institerat,
415 1437 540 1473 iaculo
560 1437 708 1486 palmas
727 1440 890 1474 armavit
908 1442 1024 1473 acuto

183 1491 410 1540 spiculaque
431 1503 479 1527 ex
500 1503 635 1527 umero
654 1504 795 1539 parvae
815 1490 1022 1539 suspendit
1042 1495 1084 1527 et
1101 1503 1246 1528 arcum.
1281 1492 1355 1529 575

184 1557 253 1592 pro
273 1544 408 1580 crinali
428 1557 534 1590 auro,
554 1557 622 1593 pro
642 1544 783 1592 longae
804 1547 981 1593 tegmine
1001 1543 1128 1592 pallae

183 1597 337 1646 tigridis
357 1600 519 1634 exuviae
538 1610 609 1646 per
628 1597 785 1634 dorsum
804 1611 826 1633 a
846 1600 992 1634 vertice
1013 1597 1204 1646 pendent.

183 1650 262 1686 tela
282 1664 399 1687 manu
420 1653 496 1686 iam
516 1656 601 1687 tum
621 1656 760 1687 tenera
779 1650 944 1699 puerilia
962 1654 1077 1687 torsit

183 1709 224 1740 et
244 1703 406 1740 fundam
428 1707 546 1740 tereti
567 1707 713 1740 circum
733 1709 852 1752 caput
871 1707 954 1753 egit
974 1704 1128 1740 habena

183 1757 525 1807 Strymoniamque
545 1770 683 1806 gruem
699 1762 767 1794 aut
782 1757 913 1794 album
930 1757 1076 1794 deiecit
1090 1757 1248 1794 olorem.
1281 1761 1355 1794 580

479 1846 525 1865 ⁵⁵²
547 1845 680 1877 ferebat
696 1846 758 1878 Μ’.

480 1889 525 1907 5⁵⁴
548 1888 613 1919 huc
631 1889 685 1920 Rl.

481 1931 525 1950 ⁶⁷⁰
549 1932 627 1962 hinc
645 1932 679 1962 P.

481 1973 523 1994 ⁸⁷⁴
545 1975 708 2014 armavit]
724 1978 868 2005 onerant
885 1974 912 2013 b,
932 1974 1077 2007 Servius.
