1399 2271
639 67 828 103 VIRGlL

146 154 214 191 sed
235 154 401 190 sublime
424 153 556 191 volans
576 154 670 190 nubi
691 167 731 190 se
752 156 964 191 immiscuit
984 159 1102 191 atrae.

145 227 233 249 cum
254 213 429 249 Turnum
451 213 583 249 medio
604 215 755 249 interea
776 212 853 250 fert
872 226 1042 263 aequore
1062 214 1188 250 turbo.
1244 211 1319 250 665

146 274 304 320 respicit
324 274 482 320 ignarus
503 285 634 308 rerum
655 274 910 320 ingratusque
931 272 1066 308 salutis

145 335 187 366 et
206 329 375 378 duplicis
394 343 483 366 cum
504 342 598 366 voce
619 343 756 366 manus
776 329 825 365 ad
845 330 973 366 sidera
992 331 1147 367 tendit:

146 393 169 409 ‘⁶
179 391 429 438 omnipotens
444 391 614 438 genitor,
629 393 769 425 tanton
785 402 848 424 me
865 391 1027 425 crimine
1042 389 1207 438 dignum

145 447 291 483 duxisti
313 453 355 484 et
374 447 464 484 talis
483 447 640 483 voluisti
662 447 888 496 expendere
909 449 1084 496 poenas?

145 520 221 555 quo
238 506 367 543 feror?
397 506 503 543 unde
518 507 623 542 abii?
653 519 752 556 quae
773 520 836 543 me
850 507 943 555 fuga
963 520 1129 556 quemve
1143 506 1322 543 reducit?

149 566 408 602 Laurentisne
428 568 572 602 iterum
592 578 723 601 muros
743 571 812 602 aut
831 571 957 601 castra
976 566 1145 602 videbo?
1247 564 1315 603 671

145 624 237 674 quid
252 638 390 661 manus
403 624 469 660 illa
482 627 620 668 virum,
634 627 699 673 qui
713 638 775 661 me
789 637 955 674 meaque
968 638 1074 660 arma
1087 624 1234 661 secuti?

145 696 294 733 quosne
314 682 461 733 (nefas)
482 686 608 720 omnis
629 683 791 719 infanda
810 685 849 718 in
869 688 996 720 morte
1016 683 1156 732 reliqui

145 748 186 779 et
206 755 311 778 nunc
332 742 502 790 palantis
523 742 637 778 video
657 744 929 791 gemitumque
950 742 1162 778 cadentum

144 803 315 850 accipio?
337 801 431 850 quid
444 802 539 850 ago?
559 806 628 837 aut
642 814 741 850 quae
755 803 830 836 iam
844 804 936 837 satis
950 804 1027 837 ima
1039 801 1219 838 dehiscat
1247 799 1321 839 675

144 867 249 898 terra
268 861 391 897 mihi?
420 873 488 896 vos
507 873 530 896 o
550 863 680 909 potius
700 862 955 906 miserescite,
978 863 1110 905 venti3

146 923 185 956 in
206 933 336 969 rupes,
355 922 395 955 in
416 932 506 955 saxa
526 918 680 969 (volens
701 932 765 955 vos
786 919 941 956 Turnus
961 919 1098 970 adoro)

145 979 247 1016 ferte
268 984 392 1015 ratem
413 980 617 1027 saevisque
639 978 745 1014 vadis
767 981 971 1015 immittite
992 982 1119 1028 syrtis,

145 1050 221 1086 quo
238 1050 366 1086 neque
382 1049 446 1072 me
465 1036 599 1072 Rutuli
616 1049 689 1072 nec
705 1039 860 1072 conscia
876 1036 978 1072 fama
991 1036 1215 1086 sequatur.'’

145 1096 242 1131 haec
255 1107 476 1131 memorans
489 1096 619 1130 animo
632 1108 737 1130 nunc
751 1094 840 1139 huc,
853 1108 958 1131 nunc
971 1094 1135 1132 fluctuat
1147 1095 1254 1140 illuc,

145 1168 195 1190 an
214 1167 299 1191 sese
320 1166 507 1190 mucrone
527 1154 577 1189 ob
597 1158 754 1189 tantum
774 1153 947 1190 dedecus
967 1167 1102 1190 amens
1246 1151 1316 1190 681

145 1213 285 1249 induat
305 1218 346 1249 et
366 1212 531 1248 crudum
553 1225 623 1261 per
642 1217 769 1249 costas
789 1215 923 1260 exigat
944 1225 1091 1258 ensem,

147 1273 328 1308 fluctibus
349 1285 398 1306 an
419 1273 534 1307 iaciat
554 1271 694 1307 mediis
715 1276 757 1307 et
776 1271 890 1306 litora
911 1271 1043 1307 nando

145 1344 261 1368 curva
274 1335 386 1380 petat
397 1330 673 1379 Teucrumque
687 1332 830 1366 iterum
844 1343 885 1366 se
898 1330 1040 1367 reddat
1052 1333 1091 1366 in
1105 1344 1222 1369 arma.

144 1394 206 1426 ter
226 1395 388 1426 conatus
408 1394 616 1438 utramque
637 1391 751 1433 viam,
773 1394 834 1425 ter
853 1392 1021 1425 maxima
1044 1390 1142 1426 Iuno
1243 1388 1319 1426 685

145 1451 343 1486 continuit
362 1450 626 1497 iuvenemque
646 1450 765 1483 animi
787 1450 971 1484 miserata
990 1451 1188 1496 repressit.

144 1507 290 1544 labitur
308 1507 387 1543 alta
408 1519 544 1543 secans
563 1506 763 1555 fluctuque
783 1511 975 1556 aestuque
995 1507 1169 1543 secundo

145 1572 187 1604 et
207 1568 328 1615 patris
348 1568 550 1615 antiquam
572 1565 703 1601 Dauni
723 1564 903 1602 defertur
922 1565 972 1602 ad
992 1567 1140 1603 urbem.

198 1627 253 1662 At
274 1625 376 1661 Iovis
396 1627 548 1661 interea
568 1627 727 1661 monitis
749 1624 973 1661 Mezentius
993 1624 1135 1662 ardens

143 1684 322 1722 succedit
341 1696 498 1732 pugnae
518 1683 769 1732 Teucrosque
790 1683 942 1720 invadit
960 1686 1123 1720 ovantis.
1245 1682 1322 1727 690

143 1748 383 1781 concurrunt
402 1742 631 1792 Tyrrhenae
651 1745 754 1779 acies
773 1747 893 1792 atque
913 1743 1094 1780 omnibus
1113 1746 1194 1789 uni,

186 1841 230 1860 ⁶⁶⁸
253 1843 353 1872 tanto
368 1841 429 1880 Ργ.
521 1841 566 1859 ⁶⁷⁰
588 1840 674 1872 abeo
688 1841 740 1872 Pl.
783 1841 943 1881 quemve]
968 1851 1035 1882 quo
1053 1841 1099 1879 M,
1120 1840 1157 1872 in
1173 1840 1318 1881 maryin.

185 1883 239 1932 ⁶⁷³·
252 1893 405 1925 quosque
421 1883 503 1914 M1R
518 1893 523 1900 ·
546 1894 675 1924 quosve
693 1883 819 1923 M²P0y:
841 1894 970 1924 quosne
991 1883 1021 1922 b,
1040 1883 1152 1924 Asper
1167 1883 1266 1923 (cited
1281 1884 1321 1925 by

143 1926 416 2011 sessgugullentis
431 1969 494 2002 111¹.
587 1969 632 1989 ⁶⁷⁵
654 1970 731 2009 aut]
746 1971 782 2001 et
797 1969 861 2002 111¹.
953 1969 996 1989 ⁶⁸²
1021 1969 1174 2001 mucroni
1189 1969 1274 2002 P1R.

145 2011 221 2050 216
