1399 2271
618 63 809 100 VIRGIL

179 153 234 189 At
254 165 320 189 rex
341 152 528 188 sollicitus
548 152 732 187 monstris
752 151 905 187 oracula
927 151 1062 196 Fauni,

129 217 275 254 fatidici
295 218 498 266 genitoris,
517 215 600 252 adit
619 215 806 265 lucosque
826 216 898 252 sub
918 215 997 252 alta
1062 207 1074 217 ⁸

128 282 294 319 consulit
314 281 507 326 Albunea,
528 292 733 316 nemorum
753 292 853 329 quae
873 282 1040 316 maxima
1060 293 1168 317 sacro

127 347 237 384 fonte
256 350 369 383 sonat
389 356 621 393 saevamque
643 343 801 380 exhalat
820 356 940 392 opaca
959 344 1177 393 mephitim.

128 413 217 448 hinc
238 410 360 447 Italae
380 414 523 458 gentes
543 410 747 458 omnisque
768 408 959 445 Oenotria
978 409 1096 445 tellus
1251 414 1298 446 85

126 479 164 511 in
185 475 312 511 dubiis
333 486 516 522 responsa
536 477 703 522 petunt:
732 471 809 508 huc
830 471 932 508 dona
951 472 1131 509 sacerdos

126 553 213 576 cum
233 540 326 576 tulit
346 544 387 574 et
407 550 606 574 caesarum
626 539 755 573 ovium
776 536 847 572 sub
867 541 985 573 nocte
1006 537 1139 574 silenti

126 604 291 653 pellibus
312 603 491 639 incubuit
510 604 641 638 stratis
661 614 895 651 somnosque
915 603 1070 650 petivit,

125 668 247 705 multa
267 667 391 703 modis
411 666 615 703 simulacra
635 666 744 702 videt
764 665 968 702 volitantia
988 667 1094 702 miris

125 739 165 771 et
185 734 306 769 varias
325 731 437 768 audit
456 744 570 767 voces
590 731 812 780 fruiturque
832 730 996 767 deorum
1094 735 1096 738 '
1247 735 1296 774 90

124 797 329 846 conloquio
348 801 466 844 atque
487 798 572 831 imis
596 795 821 831 Acheronta
841 794 997 832 adfatur
1018 795 1197 833 Avernis.

126 861 186 897 liic
206 866 247 897 et
266 866 350 896 tum
371 864 482 908 pater
502 861 584 907 ipse
605 863 746 908 petens
766 872 950 908 responsa
972 859 1134 897 Latinus

123 930 283 962 centum
302 924 496 973 lanigeras
514 924 712 960 mactabat
732 926 806 960 rite
826 924 1011 970 bidentis,

122 995 241 1039 atque
261 989 398 1025 harum
419 988 575 1024 effultus
595 993 707 1037 tergo
727 990 939 1038 stratisque
959 990 1113 1026 iacebat

123 1054 330 1090 velleribus
347 1066 354 1088 :
383 1052 511 1088 subita
533 1065 579 1088 ex
599 1052 680 1088 alto
701 1065 773 1088 vox
793 1052 948 1089 reddita
968 1053 1055 1090 luco
1076 1059 1159 1091 est:
1247 1059 1294 1097 95

124 1123 208 1155 “ne
228 1123 321 1167 pete
342 1118 516 1153 conubiis
537 1121 669 1152 natam
690 1119 836 1154 sociare
858 1117 1021 1163 Latinis,

122 1196 144 1219 o
162 1195 250 1219 mea
269 1184 488 1230 progenies,
510 1180 691 1217 thalamis
711 1194 788 1217 neu
809 1181 926 1218 crede
945 1185 1110 1231 paratis:

123 1249 275 1284 externi
296 1248 458 1282 venient
477 1248 626 1294 generi,
648 1247 714 1294 qui
735 1248 926 1294 sanguine
946 1252 1123 1283 nostrum

122 1323 265 1348 nomen
280 1312 320 1346 in
335 1315 438 1346 astra
454 1309 583 1345 ferant
598 1321 842 1358 quorumque
858 1309 907 1346 ab
922 1312 1043 1360 stirpe
1059 1317 1225 1361 nepotes

122 1377 252 1412 omnia
266 1375 337 1411 sub
356 1373 535 1423 pedibus,
550 1386 626 1423 qua
646 1372 711 1410 Sol
733 1379 944 1424 utrumque
963 1387 1167 1413 recurrens
1223 1381 1294 1413 100

121 1442 260 1489 aspicit
279 1439 495 1483 Oceanum,
516 1441 695 1487 vertique
718 1441 879 1488 regique
901 1439 1130 1476 videbunt.’'

122 1505 217 1540 baec
236 1515 420 1552 responsa
439 1504 560 1550 patris
581 1502 703 1538 Fauni
723 1505 975 1553 monitusque
995 1504 1127 1541 silenti

122 1573 237 1604 nocte
257 1567 368 1603 datos
389 1580 466 1602 non
487 1569 569 1615 ipse
590 1579 658 1603 suo
679 1569 824 1615 premit
843 1580 908 1604 ore
929 1567 1104 1614 Latinus,

121 1633 190 1669 sed
209 1635 353 1668 circum
373 1630 452 1667 late
474 1630 639 1667 volitans
659 1633 735 1667 iam
757 1631 874 1667 Fama
893 1644 964 1681 per
983 1633 1099 1670 urbes

122 1697 312 1733 Ausonias
332 1694 489 1739 tulerat,
509 1708 597 1731 cum
620 1694 903 1733 Laomedontia
922 1697 1046 1745 pubes
1222 1703 1291 1735 105

120 1762 321 1809 gramineo
340 1762 446 1807 ripae
467 1758 648 1808 religavit
666 1760 714 1795 ab
733 1772 878 1808 aggere
899 1760 1071 1798 classem.

174 1824 328 1860 Aeneas
348 1825 539 1872 primique
559 1823 679 1859 duces
699 1828 741 1860 et
758 1823 923 1872 pulcher
945 1824 1051 1862 Iulus

374 1918 403 1937 ‘³⁴
426 1928 562 1949 saevum
582 1919 627 1949 M.
803 1919 831 1938 ⁹⁵
855 1919 968 1951 subito
985 1921 1030 1952 M.

375 1961 403 1979 ‘¹³
427 1962 571 1992 veniunt
583 1961 759 2002 preferred
776 1962 816 2002 by
833 1962 974 1994 Sem-ius.
