1399 2271
627 58 818 95 VIRGIL

135 159 230 196 quos
246 146 447 182 hominum
465 158 512 182 ex
530 144 627 181 facie
643 144 717 181 dea
733 157 846 181 saeva
862 144 1091 192 potentibus
1107 142 1238 179 herbis

138 205 318 242 induerat
338 205 447 240 Circe
469 206 508 239 in
529 203 657 239 voltus
676 216 720 239 ac
739 208 852 251 terga
872 202 1052 239 ferarum.
1260 205 1308 237 20

136 277 234 313 quae
254 277 304 301 ne
324 268 497 300 monstra
518 264 572 312 pii
589 267 823 311 paterentur
842 261 935 298 talia
953 261 1074 298 Troes

135 323 258 359 delati
278 325 318 358 in
338 327 485 372 portus.
507 334 585 358 neu
604 320 719 358 litora
739 320 823 357 dira
842 321 1032 366 subirent,

138 382 348 431 Neptunus
367 383 496 418 ventis
516 379 696 430 implevit
714 380 802 417 vela
821 379 1016 425 secundis,

135 446 254 491 atque
274 440 408 490 fugam
428 439 553 485 dedit,
574 445 616 476 et
635 444 793 488 praeter
812 438 910 475 vada
929 438 1079 475 fervida
1098 441 1215 475 vexit.

190 500 351 549 Iamque
364 500 598 536 rubescebat
611 499 726 535 radiis
739 511 858 544 mare,
872 503 914 535 et
925 497 1087 535 aethere
1099 498 1148 534 ab
1161 497 1241 534 alto
1261 501 1308 533 25

137 559 288 595 Aurora
306 561 346 594 in
366 560 486 594 roseis
506 557 686 607 fulgebat
705 557 814 594 lutea
832 557 933 605 bigis
949 570 956 593 :

137 631 225 654 cum
245 620 353 654 venti
374 630 539 666 posuere
560 619 764 666 omnisque
784 621 951 665 repente
971 616 1119 653 resedit

138 678 261 722 flatus,
283 682 324 713 et
344 679 384 712 in
405 676 515 713 lento
533 675 737 713 luctantur
755 688 948 712 marmore
967 680 1115 712 tonsae.

137 741 256 785 atque
277 735 340 771 hic
361 735 518 771 Aeneas
538 736 745 783 ingentem
766 747 814 771 ex
833 747 1003 784 aequore
1022 734 1154 771 luc'um

138 796 334 844 prospicit.
392 793 498 830 hunc
518 796 623 830 inter
641 793 757 830 fluvio
776 793 984 830 Tiberinus
1003 806 1168 830 amoeno
1264 797 1312 829 30

139 854 348 891 verticibus
369 853 513 902 rapidis
534 858 575 889 et
595 852 720 889 multa
738 852 857 889 flavus
877 853 1023 889 harena

139 915 178 948 in
197 925 304 948 mare
325 914 554 960 prorumpit.
612 913 740 947 variae
761 913 985 960 circumque
1005 923 1199 961 supraque

138 971 325 1008 adsuetae
345 973 438 1019 ripis
458 970 635 1007 volucres
655 975 696 1007 et
716 970 884 1006 fluminis
903 970 1014 1007 alveo

138 1030 300 1067 aethera
318 1029 548 1066 mulcebant
567 1034 697 1075 cantu,
717 1029 885 1079 lucoque
906 1029 1100 1066 volabant.

139 1089 297 1126 flectere
316 1091 393 1125 iter
413 1090 524 1125 sociis
544 1093 752 1138 terraeque
772 1088 979 1125 advertere
999 1101 1130 1137 proras
1266 1092 1312 1124 35

139 1150 323 1196 imperat,
345 1152 387 1183 et
406 1146 533 1183 laetus
552 1146 668 1183 fluvio
687 1147 865 1184 succedit
884 1160 1015 1196 opaco.

192 1206 307 1242 Nunc
323 1219 408 1255 age,
426 1208 491 1254 qui
508 1218 635 1255 reges,
652 1205 784 1250 Erato,
801 1218 900 1255 quae
916 1211 1094 1255 tempora
1110 1218 1251 1251 rerum,

139 1268 224 1315 quis
245 1265 358 1302 Latio
378 1267 541 1314 antiquo
561 1264 681 1301 fuerit
701 1269 839 1310 status,
859 1265 1011 1301 advena
1031 1264 1193 1302 classem

139 1337 227 1360 cum
248 1327 416 1372 primum
438 1323 621 1359 Ausoniis
642 1326 837 1360 exercitus
857 1323 1010 1372 appulit
1030 1325 1119 1369 oris,

139 1383 358 1431 expediam,
380 1387 421 1419 et
441 1384 588 1431 primae
609 1383 798 1418 revocabo
818 1382 977 1418 exordia
996 1395 1162 1431 pugnae.
1267 1386 1315 1418 40

139 1447 182 1478 tu
204 1447 346 1486 vatem,
367 1446 424 1487 tu,
445 1441 546 1486 diva,
567 1454 695 1477 mone.
753 1441 881 1477 dicam
900 1441 1057 1478 horrida
1077 1440 1192 1486 bella,

139 1500 265 1536 dicam
285 1503 387 1536 acies
407 1504 593 1548 actosque
614 1501 753 1535 animis
773 1512 813 1535 1n
833 1498 972 1536 funera
992 1512 1117 1549 regeS,

139 1559 462 1608 Tyrrhenamque
478 1571 651 1603 manum,
668 1563 873 1607 totamque
889 1558 960 1594 sub
976 1571 1082 1594 arma
1098 1562 1271 1594 coactam

144 1618 387 1666 Hesperiam.
443 1619 566 1652 maior
585 1629 715 1653 rerum
734 1616 830 1652 mihi
851 1620 1023 1654 nascitur
1042 1617 1150 1663 ordo,

139 1679 262 1713 maius
282 1689 377 1725 opus
397 1688 546 1712 moveo.

547 1734 631 1770 Rex
650 1747 741 1770 arva
762 1734 926 1771 Latinus
946 1739 987 1771 et
1007 1735 1122 1771 urbes
1266 1738 1313 1771 45

139 1797 215 1831 iam
235 1796 364 1831 senior
384 1793 502 1842 longa
521 1793 694 1842 placidas
714 1795 754 1829 in
775 1806 871 1841 pace
892 1794 1067 1842 regebat.

139 1853 243 1889 hunc
266 1853 398 1889 Fauno
420 1858 460 1889 et
481 1851 667 1901 Nympha
687 1854 868 1901 genitum
889 1851 1089 1890 Laurente
1112 1852 1258 1889 Marica

180 1922 208 1942 ³⁷
232 1924 388 1963 tempora
415 1931 529 1953 rerum
560 1931 599 1952 as
621 1921 829 1962 punctuated
858 1920 894 1953 in
923 1922 964 1953 M
989 1922 1060 1953 and
1090 1921 1131 1962 by
1159 1921 1295 1953 Servius·

138 1970 304 2007 tempora,
330 1975 443 1996 rerum
471 1963 682 2005 Peerlkamp.

141 2010 161 2045 4
