1399 2271
634 31 823 67 VIRGIL

143 120 286 156 dantur
305 121 393 167 equi
415 118 576 154 Teucris
595 117 798 166 'l'yrrhena
818 116 1046 165 petentibus
1066 127 1179 158 arva;

144 173 294 208 ducunt
313 176 490 208 exortem
510 171 685 215 Aeneae,
705 183 822 218 quem
842 169 948 204 fulva
966 168 1090 204 leonis

145 225 256 274 pellis
276 226 358 261 obit
378 229 518 268 totum,
538 223 790 272 praefulgens
812 223 1007 270 unguibus
1026 223 1162 257 aureis.

196 279 314 314 Fama
334 278 439 314 volat
458 290 614 326 parvam
635 277 764 312 subito
784 275 940 323 volgata
959 288 1029 323 per
1049 275 1198 319 urbem,

144 334 248 368 ocius
269 334 323 368 ire
344 334 497 380 equites
515 330 710 379 Tyrrheni
730 329 779 365 ad
798 329 913 364 litora
933 330 1044 376 regis.
1239 330 1312 363 555

144 390 233 421 vota
251 390 361 421 metu
380 384 585 433 duplicant
604 388 761 427 inatres,
781 384 1018 431 propiusque
1039 380 1185 430 periclo

144 441 176 474 it
194 441 310 474 timor
331 443 371 474 et
391 440 512 473 maior
533 437 670 472 Martis
691 439 767 471 iam
787 440 951 484 apparet
969 437 1110 483 imago,

143 497 228 527 tum
248 497 360 540 pater
379 490 586 527 Euandrus
605 490 785 526 dextram
805 488 1030 536 complexus
1051 490 1181 524 euntis

144 545 294 589 haeret,
313 544 538 593 inexpletus
557 544 775 587 lacrimans,
794 555 838 577 ac
858 541 952 578 talia
970 541 1097 577 fatur:

145 602 168 618 ‘⁴‘
181 612 203 634 o
222 598 318 633 mihi
338 600 570 646 praeteritos
590 596 736 632 referat
755 598 785 631 si
807 595 987 643 Iuppiter
1006 607 1139 639 annos,
1239 593 1314 630 560

144 651 268 700 qualis
280 664 399 696 eram,
412 664 499 686 cum
513 653 678 698 primam
690 652 814 685 aciem
830 648 1039 684 Praeneste
1052 648 1124 684 sub
1138 649 1219 696 ipsa

145 707 261 740 stravi
280 709 558 752 scutorumque
579 702 737 738 incendi
758 704 880 737 victor
899 713 1056 737 acervos
1082 736 1085 741 ,

145 763 185 793 et
205 770 338 805 regem
358 757 431 792 hac
451 756 614 792 Erulum
634 755 773 791 dextra
792 755 864 790 sub
883 754 1044 790 Tartara
1062 756 1161 798 misi,

146 812 321 847 nascenti
341 812 403 846 cui
422 812 491 846 tris
511 812 659 844 animas
681 808 845 843 Feronia
863 812 990 843 mater

143 863 400 914 (horrendum
419 861 546 911 dictu)
566 861 742 905 dederat,
759 867 871 897 terna
887 873 993 896 arma
1007 860 1200 896 movenda
1240 858 1312 896 565

143 917 223 966 (ter
240 917 321 953 leto
341 915 578 952 sternendus
598 920 706 958 erat;
736 916 798 950 cui
816 919 902 950 tum
922 919 1056 950 tamen
1076 915 1201 949 omnis

142 969 305 1006 abstulit
317 969 415 1006 haec
427 971 575 1004 animas
587 968 726 1004 dextra
740 972 782 1004 et
793 967 961 1003 totidem
975 969 1084 1003 exuit
1096 965 1229 1016 armis)
1245 980 1252 1003 :

142 1036 221 1059 non
240 1036 315 1071 ego
334 1035 439 1058 nunc
458 1022 563 1058 dulci
581 1021 765 1070 amplexu
785 1020 992 1056 divellerer
1010 1033 1186 1069 usquam,

142 1081 247 1121 nate,
268 1081 349 1120 tuo,
369 1088 499 1125 neque
520 1075 685 1111 finitimo
707 1074 929 1110 Mezentius
949 1086 1134 1122 umquam
1191 1078 1198 1084 '

142 1129 232 1165 huic
253 1131 371 1177 capiti
391 1128 583 1164 insultans
603 1133 663 1164 tot
683 1127 786 1163 ferro
806 1139 919 1163 saeva
936 1126 1113 1163 dedisset
1239 1128 1315 1164 570

144 1182 291 1227 funera,
312 1188 392 1218 tam
412 1181 546 1218 multis
568 1181 765 1217 viduasset
785 1180 933 1216 civibus
952 1180 1101 1216 urbem.

141 1241 182 1272 at
201 1248 279 1280 vos,
301 1248 323 1271 ο
342 1237 486 1284 superi,
508 1240 549 1271 et
567 1234 698 1270 divom
719 1239 761 1270 tu
782 1235 950 1269 maxime
971 1238 1100 1269 rector

143 1289 332 1337 Iuppiter,
353 1288 524 1333 Arcadii,
545 1300 702 1337 quaeso,
722 1289 963 1323 miserescite
984 1289 1086 1334 regis

141 1347 182 1378 et
201 1344 346 1390 patrias
365 1341 499 1377 audite
520 1353 679 1388 preces:
707 1343 739 1376 si
759 1342 919 1375 numina
939 1345 1070 1375 vestra

140 1394 377 1430 incolumem
399 1393 575 1429 Pallanta
595 1393 703 1438 mihi,
724 1395 754 1429 si
774 1392 854 1429 fata
873 1397 1086 1438 reservant,
1238 1394 1313 1432 575

141 1450 171 1483 si
191 1450 340 1484 visurus
361 1460 451 1483 eum
472 1450 556 1482 vivo
577 1452 619 1483 et
640 1451 827 1482 venturus
846 1448 886 1481 in
906 1459 1040 1490 unum,

141 1503 259 1537 vitam
279 1513 358 1545 oro,
378 1503 505 1549 patior
523 1502 700 1549 quemvis
719 1499 859 1535 durare
878 1498 1062 1535 laborem.

140 1556 200 1590 sin
217 1554 388 1602 aliquem
408 1553 615 1589 infandum
635 1565 778 1597 casum,
801 1552 986 1596 Fortuna,
1004 1553 1176 1596 minaris,

140 1620 257 1652 nunc,
277 1620 381 1642 nunc
401 1619 423 1642 o
444 1607 561 1642 liceat
580 1605 780 1642 crudelem
800 1606 1032 1653 abrumpere
1052 1607 1185 1650 vitam,

140 1660 234 1696 dum
253 1673 368 1696 curae
388 1660 608 1708 ambiguae,
628 1658 723 1695 dum
742 1671 832 1707 spes
850 1661 1001 1695 incerta
1020 1657 1155 1703 futuri,
1238 1662 1313 1694 580

181 1761 226 1780 ⁵⁵⁵
249 1761 429 1802 Tyrrhena
445 1761 521 1801 Pyl.
556 1761 675 1792 limina
691 1760 768 1799 P71.
945 1760 989 1779 ⁶⁵⁶
1013 1760 1173 1801 proprius
1189 1760 1257 1792 PR.

181 1804 225 1823 ⁵⁵⁹
248 1803 460 1844 inexpletum
497 1803 551 1842 Pl,
581 1803 760 1843 prefewed
797 1802 838 1843 by
868 1802 1014 1834 Servius.
1083 1802 1233 1833 lacrimis
1263 1803 1312 1841 M,

139 1847 253 1878 known
275 1851 307 1877 to
330 1846 473 1877 Servius.
577 1846 621 1865 ⁵⁵⁶
646 1850 728 1877 tunc
744 1846 903 1885 Alps-370.-
924 1848 999 1877 tum
1017 1845 1041 1876 b.

180 1890 225 1908 ⁵⁶⁹
248 1888 414 1920 finitimos
428 1890 465 1922 P.
514 1900 657 1930 usquam
674 1888 780 1927 Ple-7¹.
946 1888 992 1907 ⁵⁷1
1015 1898 1155 1919 munera
1171 1888 1223 1919 ΡΙ.

180 1932 225 1951 ⁶⁷⁶
247 1932 366 1963 vivum
382 1933 421 1964 R.
574 1932 618 1951 ⁵⁷⁷
642 1931 756 1973 patiar
771 1931 847 1971 P27.
946 1930 992 1950 ⁵⁷⁹
1014 1941 1105 1962 nunc
1120 1941 1140 1962 ο
1156 1941 1245 1962 nunc
1264 1932 1300 1962 R.

138 1980 187 2018 98
