1399 2271
664 70 855 107 VIRGIL

171 154 225 190 illi
246 154 370 192 dulcis
389 155 504 193 adest
522 159 678 207 requies
698 163 740 194 et
758 171 855 207 pura
875 158 1068 208 voluptas,

171 214 303 260 libera,
324 215 565 265 simplicibus
584 219 709 260 curis;
738 216 814 253 huc
833 219 1027 262 imminet,
1047 220 1173 254 omnis
1293 220 1343 260 90

169 273 314 323 derigit
332 274 409 311 huc
429 287 577 321 sensus,
596 275 694 312 haec
715 288 805 312 cura
826 281 887 312 est
906 276 1064 313 subdita
1083 275 1202 322 cordi,

169 333 345 382 quolibet
366 339 410 370 ut
429 337 564 384 requie
585 337 690 371 victu
713 339 925 371 contentus
943 335 1134 380 abundet,

170 392 417 442 iucundoque
437 393 537 442 liget
556 393 787 442 languentia
807 406 964 442 corpora
985 406 1130 430 somno.

169 465 190 487 o
211 451 396 501 pecudes,
417 465 439 488 o
462 452 585 489 Panes
605 457 647 489 et
666 465 688 488 o
707 455 928 501 gratissima
946 452 1097 501 Tempe

171 511 289 548 fontis
310 511 648 561 Hamadryadum,
669 524 833 561 quarum
852 524 931 547 non
951 510 1074 547 divite
1095 510 1204 548 cultu
1294 514 1342 553 95

168 569 344 607 aemulus
365 570 534 607 Ascraeo
554 576 687 619 pastor
707 571 778 606 sibi
799 572 964 620 quisque
984 574 1126 619 poetae

168 643 343 666 securam
363 629 518 679 placido
537 630 711 666 traducit
730 635 892 679 pectore
912 632 1032 666 vitam
1048 630 1055 664 !

220 688 379 725 Talibus
399 691 439 724 in
459 688 599 726 studiis
619 688 758 725 baculo
777 689 872 725 dum
892 691 1007 725 nixus
1026 690 1174 737 apricas

169 752 300 796 pastor
318 749 401 796 agit
421 760 530 783 curas
551 752 593 784 et
613 747 707 783 dum
727 760 806 783 non
825 752 910 783 arte
930 759 1069 783 canora

168 812 370 855 compacta
390 806 549 843 solitum
570 806 796 843 modulatur
814 806 1036 843 harundine
1056 819 1226 851 carmen,
1273 810 1345 842 100

167 865 299 902 tendit
319 868 523 902 inevectus
543 866 670 902 radios
693 866 934 915 Hyperionis
953 865 1079 909 ardor,

166 924 374 974 lucidaque
395 924 572 961 aetherio
594 928 705 973 ponit
725 924 950 961 discrimina
969 923 1129 968 mundo,

167 996 242 1033 qua
261 986 353 1019 iacit
374 983 579 1019 Oceanum
598 982 771 1018 flammas
790 985 830 1018 in
852 988 1062 1032 utrumque
1078 984 1237 1031 rapacis.

167 1048 208 1079 et
228 1045 303 1078 iam
325 1041 592 1091 compellente
613 1055 735 1091 vagae
755 1047 911 1091 pastore
933 1041 1107 1091 capellae

167 1104 244 1137 ima
263 1103 498 1138 susurrantis
518 1101 756 1150 repetebant
775 1100 824 1136 ad
845 1100 942 1136 vada
963 1100 1160 1150 lymphae,
1274 1104 1343 1136 105

167 1172 266 1210 quae
287 1160 423 1196 subter
443 1159 607 1195 viridem
628 1159 854 1196 residebant
875 1159 1030 1195 caerula
1049 1172 1236 1196 muscum.

167 1222 242 1255 iam
263 1219 412 1256 medias
431 1232 593 1268 operum
614 1221 736 1267 partis
757 1224 917 1255 evectus
938 1224 1023 1255 erat
1042 1217 1122 1263 Sol,

167 1292 255 1315 cum
276 1278 417 1314 densas
437 1283 569 1326 pastor
589 1277 762 1326 pecudes
783 1277 952 1327 cogebat
970 1280 1011 1313 in
1031 1278 1197 1313 umbras.

168 1342 211 1373 ut
231 1336 364 1385 procul
385 1339 538 1385 aspexit
558 1335 646 1372 luco
665 1335 837 1373 residere
858 1338 1015 1381 virenti,

170 1395 282 1432 Delia
301 1395 403 1440 diva,
423 1400 504 1439 tuo,
525 1407 602 1444 quo
622 1395 821 1444 quondam
842 1397 943 1431 victa
962 1394 1093 1431 furore
1273 1399 1344 1431 110

169 1457 276 1491 venit
297 1453 525 1503 Nyctelium
545 1453 702 1503 fugiens
723 1454 902 1490 Cadmeis
924 1454 1076 1502 Agaue,

166 1512 345 1550 infandas
365 1512 555 1549 scelerata
574 1525 713 1549 manus
733 1525 754 1548 e
775 1512 896 1549 caede
917 1517 1133 1549 cruenta—-

165 1585 265 1622 quae
285 1571 427 1621 gelidis
446 1570 636 1607 bacchata
655 1573 756 1620 iugis
776 1574 970 1621 requievit
990 1574 1030 1607 in
1050 1576 1177 1616 antro,

164 1633 358 1680 posterius
378 1643 545 1679 poenam
566 1632 648 1666 nati
669 1629 719 1666 de
739 1636 865 1666 morte
887 1630 1035 1667 datura.

166 1690 228 1726 hic
249 1692 368 1727 etiam
387 1688 501 1725 viridi
519 1688 705 1725 ludentes
728 1688 852 1725 Panes
871 1691 911 1724 in
932 1688 1052 1725 herba
1271 1693 1342 1726 115

224 1796 252 1816 ’²
275 1800 315 1828 ut-
330 1797 481 1838 requiem
500 1796 614 1827 victus
632 1796 700 1828 CL.

224 1840 250 1859 ⁵¹³
275 1840 359 1881 liget
384 1840 426 1870 V:
450 1839 532 1870 licet
549 1844 597 1870 Ω.-
620 1839 714 1870 levet
729 1839 811 1870 Exc.
968 1838 996 1857 ⁹⁵
1020 1838 1151 1870 frondis
1170 1839 1339 1871 Heinsius.

209 1883 252 1945 122
275 1881 742 1956 ξῶειξῖιξῖςῇἱῗέιὲῗίᾶἐωΕὲίε.
791 1885 914 1923 poetae
931 1882 972 1913 Η
982 1895 992 1913 .·
1016 1888 1117 1922 poeta
1134 1887 1170 1914 Ω.

210 1968 252 1987 ¹²⁴
276 1950 399 1999 datura
416 1952 542 2001 Aldine
560 1969 661 1999 1534:
687 1949 841 1999 futuram
859 1967 917 1999 GL
929 1981 938 1999 .·
963 1967 1118 1998 futurum
1138 1967 1202 2000 rV.

170 2015 241 2054 378
