1399 2271
623 73 679 110 vl
685 73 815 110 RGIL

184 165 210 181 “
222 160 368 197 Verum
381 160 479 197 haec
490 166 576 196 tum
589 161 702 196 nobis
713 162 847 209 gravia
856 165 977 209 atque
989 159 1154 208 indigna
1168 158 1282 195 fuere

133 220 230 259 tum,
244 227 333 250 mea
350 213 521 258 alumna,
533 215 593 250 tui
612 226 702 249 cum
721 226 811 261 spes
829 215 985 262 integra
998 217 1192 258 maneret,
1229 217 1272 248 31
1286 217 1298 246 l

132 272 173 303 et
191 279 266 303 vox
284 271 360 304 ista
378 280 486 304 meas
505 266 681 303 nondum
700 266 913 302 violaverat
931 269 1044 303 auris.

132 326 226 357 tene
246 323 367 358 etiam
386 321 561 357 Fortuna
578 320 677 356 mihi
695 319 866 356 crudelis
884 319 1046 364 ademit,

132 380 240 419 tene,
259 388 282 411 ο
301 374 383 411 sola
400 387 514 411 meae
532 373 691 411 vivendi
709 386 825 410 causa
843 374 1056 410 senectae?

131 440 249 476 saepe
269 433 339 464 tuo
358 427 465 464 dulci
482 430 722 477 nequiquam
742 432 857 476 capta
874 439 1026 476 sopore,
1229 429 1305 462 315

133 495 222 517 cum
241 487 441 530 premeret
460 486 613 526 natura,
632 483 731 517 mori
750 493 815 517 me
835 480 938 517 velle
957 482 1115 529 negavi,

132 540 179 572 ut.
195 536 270 571 tibi
289 535 452 584 Corycio
470 534 733 584 glomerarem
750 534 929 570 flammea
947 533 1043 570 luto.

133 602 210 638 quo
224 602 331 625 nunc
343 602 422 633 me,
433 588 586 634 infelix,
597 593 667 624 aut-
681 601 782 638 quae
796 600 860 624 me
875 587 958 624 fata
971 586 1201 623 reservant?

132 656 183 678 an
202 645 341 687 nescis,
361 655 438 692 qua
455 641 547 691 lege
565 645 688 691 patris
706 641 757 678 de
777 643 925 677 vertice
944 653 1096 677 summo

133 695 241 732 edita
259 695 465 732 candentis
484 700 693 744 praetexat
710 707 882 743 purpura
903 707 1033 739 canos,
1230 697 1307 729 320

133 762 234 799 quae
252 751 386 786 tenuis
403 751 532 798 patrio
550 761 663 797 praes
681 751 734 784 sit
752 761 941 797 suspensa
959 746 1128 796 capillo?

134 806 165 839 si
184 805 324 848 nescis,
343 802 515 851 aliquam
532 815 691 851 possum
709 814 867 851 sperare
886 800 1067 845 salutem,

133 859 255 893 inscia
266 855 587 906 quandoquidem
598 855 727 892 scelus
739 868 780 891 es
793 859 933 891 conata
944 853 1163 891 nefandum
1176 866 1186 890 :

134 913 194 946 sin
209 915 282 954 est,
295 909 401 959 quod
415 915 565 954 metuo,
576 922 648 958 per
660 914 718 954 te,
727 921 816 944 mea
827 907 998 953 alumna,
1009 913 1203 956 tuumque

135 968 344 1012 expertum
360 962 497 999 multis
515 965 681 999 miserae
698 961 797 998 mihi
814 962 932 998 rebus
949 974 1137 1006 amorem,
1232 964 1307 996 325

134 1017 301 1066 perdere
320 1029 435 1053 saeva
453 1029 591 1065 precor
608 1028 681 1065 per
698 1017 860 1051 numina
881 1014 1081 1064 Bith-fiae,

134 1083 186 1107 ne
204 1075 363 1107 tantum
380 1069 533 1106 facinus
550 1074 634 1106 tam
651 1068 760 1105 nulla
778 1074 915 1105 mente
934 1070 1120 1118 sequaris.

134 1137 216 1160 non
233 1136 309 1172 ego
326 1128 370 1160 te
387 1125 549 1171 incepto
571 1122 669 1170 (fieri
687 1122 793 1171 quod
811 1135 894 1158 non
910 1123 1022 1171 pote)
1042 1133 1162 1157 conor

135 1177 307 1222 flectere,
319 1177 454 1221 Amor,
466 1189 598 1225 neque
611 1181 672 1212 est
683 1188 773 1212 cum
785 1175 845 1212 dis
857 1174 1100 1212 contendere
1112 1175 1307 1211 nostrum!

135 1230 206 1268 sed
223 1233 345 1279 patris
362 1229 551 1266 incolumi
569 1233 701 1279 potius
719 1229 923 1265 denubere
940 1241 1066 1278 regno
1233 1231 1310 1263 330

135 1290 254 1334 atque
266 1283 415 1333 aliquos
427 1289 563 1320 tamen
574 1295 661 1320 ὤεα
672 1282 770 1319 velis
781 1283 868 1328 tibi,
879 1282 1051 1327 alumna,
1064 1281 1243 1318 Penates.

136 1338 210 1374 hoc
228 1350 353 1374 unum
372 1339 493 1373 exitio
510 1337 629 1373 docta
645 1341 767 1385 atque
786 1341 951 1385 experta
968 1335 1149 1371 monebo.

136 1390 241 1441 quod
260 1393 293 1427 si
310 1403 393 1427 non
410 1389 486 1426 alia
503 1393 652 1439 poteris
670 1393 823 1426 ratione
843 1394 1051 1438 parentem

137 1444 295 1481 flectere
309 1443 396 1492 (sed
406 1446 571 1493 poteris;
591 1443 687 1492 quid
697 1445 806 1480 enim
816 1456 897 1478 non
908 1445 1023 1478 unica
1036 1442 1213 1491 possis?),

138 1505 222 1535 tum
241 1500 372 1547 potius
390 1497 555 1534 tandem
573 1500 661 1542 ista,
679 1499 745 1545 pio
764 1509 854 1532 cum
871 1499 956 1533 iure
974 1495 1125 1541 licebit,
1233 1499 1308 1531 335

179 1561 224 1581 ³¹⁰
247 1567 331 1592 tune
346 1560 415 1591 AR
426 1571 439 1591 .·
460 1571 537 1591 cum
554 1559 593 1591 L.
672 1559 718 1579 ³11
739 1560 830 1598 tum]
845 1564 895 1590 tu.
964 1559 1010 1578 ⁸¹³
1031 1560 1082 1598 et]
1096 1569 1159 1590 uec
1174 1558 1306 1592 HA1R.

179 1604 226 1624 ³¹⁴
247 1615 267 1635 o
282 1603 419 1635 omitted
432 1603 549 1634 ΗΑΒ.
674 1602 721 1622 ⁸¹⁸
742 1602 883 1633 numina
898 1608 1038 1633 servant
1055 1601 1098 1632 L.

178 1647 225 1666 ³²1
246 1657 346 1688 praes
368 1647 415 1677 sit
445 1646 532 1677 Ellis
543 1656 556 1677 .·
587 1646 714 1687 preszit
745 1645 882 1690 (preeit)
896 1657 905 1677 :
938 1655 1016 1686 spes
1045 1645 1092 1676 sit-
1121 1644 1247 1676 edition
1274 1645 1316 1685 os

139 1691 219 1722 1507
237 1689 327 1728 (with
344 1689 465 1727 tenui).

179 1732 225 1752 ³¹⁴
245 1743 308 1774 per
322 1738 358 1763 te
376 1742 450 1762 mea
468 1730 676 1763 Gronovius:
697 1741 759 1772 per
773 1741 828 1762 me
843 1735 883 1762 tu
900 1732 985 1769 (tua,
1004 1740 1044 1761 m·
1059 1732 1157 1769 mea).

178 1775 224 1795 32‘
245 1785 307 1817 per
321 1779 358 1807 te
372 1785 468 1806 sacra
484 1774 656 1814 Scaliger:
676 1784 817 1815 parcere
839 1784 941 1805 saeva
969 1773 1124 1805 Vollmer.
1169 1773 1310 1805 numina

137 1819 256 1857 Heyne
268 1828 281 1849 .·
301 1817 454 1849 flumina.

178 1861 223 1881 ⁸²⁷
244 1871 308 1892 nec
321 1861 390 1892 AR
406 1862 416 1898 (
426 1860 592 1898 Vollmer),
638 1864 777 1891 tantum
793 1859 988 1890 Baehrens:
1008 1863 1147 1890 tantum
1161 1859 1206 1891 in.

179 1904 225 1924 ³²⁹
246 1914 361 1935 amore
377 1903 500 1934 eziilstm
516 1903 559 1942 of
569 1903 661 1934 1534.
804 1902 851 1921 ³³²
871 1901 976 1933 exih'o
993 1901 1171 1933 Baehrens.

136 1946 484 2031 ithEukHaupt:
506 1951 591 1977 tunc
606 1947 684 1985 (tu).
732 1944 874 1977 tandem
889 1946 958 1977 ista
976 1944 1172 1977 Baehrens:
1193 1948 1309 1977 tamen

140 2037 216 2071 430
