1399 2271
685 86 874 123 VIRGIL

191 173 243 207 ire
265 174 369 220 prior
392 172 529 218 Pallas,
548 175 579 209 si
599 186 676 222 qua
697 172 774 210 fors
794 174 956 211 adiuvet
973 187 1109 211 ausum

192 231 334 267 viribus
346 232 572 280 imparibus,
584 245 852 282 magnumque
865 235 920 269 ita
931 233 980 269 ad
992 233 1154 270 aethera
1167 233 1289 272 fatur:

190 293 297 338 “per
323 292 444 338 patris
475 290 688 340 hospitium
717 296 759 328 et
786 304 954 337 mensas,
982 305 1077 342 quas
1108 292 1260 329 advena

294 349 423 395 adisti,
1289 349 1364 388 460

192 413 229 444 te
250 421 399 456 precor,
421 408 574 454 Alcide,
595 412 744 458 coeptis
764 410 992 458 ingentibus
1011 410 1124 447 adsis.
1308 422 1364 447 Mn

189 472 325 503 cernat
343 470 531 504 semineci
551 469 623 504 sibi
643 481 706 505 me
726 481 862 518 rapere
882 482 987 504 arma
1007 474 1169 506 cruenta

192 528 456 576 victoremque
478 526 607 563 ferant
626 529 834 564 morientia
852 527 1000 564 lumina
1019 527 1178 565 Turni.”

189 585 313 622 audiit
332 585 492 622 Alcides
512 588 695 623 iuvenem
716 599 982 636 magnumque
1003 587 1075 623 sub
1095 589 1173 623 imo

189 644 305 680 corde
318 647 462 693 premit
474 648 668 694 gemitum
683 645 938 694 lacrimasque
952 645 1119 682 effundit
1131 648 1267 684 inanis.
1289 646 1363 684 465

189 708 272 740 tum
293 707 451 752 genitor
469 709 606 741 natum
625 704 741 741 dictis
760 703 917 740 adfatur
935 706 1091 742 amicis:

188 766 213 783 “
225 767 304 799 stat
316 775 382 799 sua
397 766 538 812 cuique
553 763 650 809 dies,
666 764 785 800 breve
799 768 840 800 et
852 761 1111 812 inreparabile
1124 769 1282 814 tempus

188 822 368 859 omnibus
389 827 449 859 est
470 825 596 867 vitae3
625 822 695 859 sed
715 822 858 858 famam
879 822 1096 859 extendere
1117 822 1242 868 factis,

188 880 261 917 hoc
282 884 436 918 virtutis
456 894 562 930 opus.
620 881 758 918 Troiae
780 882 851 917 sub
870 882 1075 917 moenibus
1094 881 1184 918 altis

188 945 249 976 tot
268 943 378 989 gnati
399 940 578 977 cecidere
598 939 730 985 deum,
751 943 847 989 quin
867 939 1011 976 occidit
1032 953 1108 976 una
1288 943 1364 979 470

188 999 402 1048 Sarpedon,
423 1012 511 1036 mea
530 1001 750 1048 progenies.
805 1001 923 1036 etiam
943 1011 1011 1035 sua
1031 998 1206 1035 Turnum

188 1058 268 1094 fata
287 1063 429 1094 vocant
448 1063 652 1107 metasque
673 1057 755 1094 dati
776 1059 958 1106 pervenit
977 1057 1025 1093 ad
1046 1057 1168 1094 aevi.’'

187 1120 242 1154 sic
261 1120 317 1153 ait
335 1122 455 1166 atque
475 1117 607 1153 oculos
629 1117 862 1153 Rutulorum
878 1118 996 1162 reicit
1015 1119 1124 1153 arvis.

241 1177 296 1213 At
318 1176 442 1213 Pallas
462 1179 614 1226 magnis
635 1179 784 1213 emittit
804 1176 948 1212 viribus
968 1175 1122 1212 hastam

189 1238 406 1285 vaginaque
426 1248 519 1271 cava
537 1235 761 1283 fulgentem
781 1234 928 1284 deripit
948 1247 1093 1270 ensem.
1288 1237 1362 1274 475

187 1295 253 1331 illa
272 1295 417 1340 volans,
439 1297 562 1331 umeri
583 1299 749 1343 surgunt
769 1307 845 1343 qua
863 1296 1041 1342 tegmina
1060 1306 1224 1339 summa,

187 1354 326 1390 incidit
345 1359 464 1403 atque
484 1356 585 1390 viam
606 1353 721 1402 clipei
741 1352 877 1389 molita
896 1365 967 1402 per
985 1365 1069 1389 oras

186 1413 348 1450 tandem
370 1415 489 1450 etiam
509 1425 653 1461 magno
673 1414 831 1449 strinxit
850 1411 900 1448 de
920 1424 1080 1460 corpore
1100 1411 1233 1448 Turni.

242 1473 320 1509 Hic
339 1472 494 1508 Turnus
513 1471 617 1508 ferro
636 1471 850 1520 praefixum
870 1471 986 1507 robur
1004 1475 1119 1507 acuto

186 1535 225 1567 in
249 1531 425 1567 Pallanta
444 1531 511 1568 diu
531 1530 677 1567 librans
697 1532 789 1567 iacit
807 1535 927 1580 atque
947 1532 1003 1566 ita
1022 1529 1149 1566 fatur:
1286 1534 1362 1567 480

187 1595 209 1610 “
222 1593 364 1639 aspice,
379 1603 473 1626 num
486 1603 601 1639 mage
614 1592 664 1626 sit
676 1594 853 1626 nostrum
866 1589 1113 1638 penetrabile
1126 1588 1291 1625 telum.''

185 1649 362 1693 dixerat3
389 1654 431 1685 at
451 1649 635 1698 clipeum,
654 1653 716 1685 tot
735 1647 826 1685 ferri
846 1653 971 1697 terga,
990 1653 1051 1684 tot
1069 1650 1183 1694 aeris,

185 1721 302 1758 quem
323 1708 437 1757 pellis
457 1711 604 1744 totiens
624 1708 741 1744 obeat
761 1707 1001 1743 circumdata
1022 1709 1135 1752 tauri,

184 1768 351 1804 vibranti
373 1770 501 1816 cuspis
520 1767 695 1803 medium
715 1767 1006 1803 transverberat
1025 1768 1104 1802 ictu

186 1826 404 1876 loricaeque
425 1839 550 1862 moras
570 1831 612 1862 et
631 1830 770 1874 pectus
789 1824 963 1875 perforat
983 1827 1133 1874 ingens.
1283 1828 1357 1862 485

249 1906 293 1925 ⁴⁷⁵
315 1905 439 1947 diripit
454 1906 539 1945 M72.
878 1905 921 1923 ⁴⁷⁶
944 1905 1090 1944 summa]
1105 1904 1216 1946 prima
1232 1905 1271 1936 R.

249 1949 291 1968 ‘⁷⁷
315 1952 368 1980 est
384 1949 503 1980 molita
519 1950 564 1980 M.
877 1948 921 1966 ⁴⁵1
944 1947 1033 1988 magi
1051 1948 1089 1979 R.

249 1991 291 2011 ‘⁸³
314 1993 430 2033 quem]
446 2002 522 2023 cum
538 1993 576 2022 M
578 1991 633 2030 ²12,
651 1991 795 2024 Seri-ius.
876 1990 919 2009 ⁴⁸⁴
942 1990 1093 2021 medium
1109 1989 1223 2031 cuspis
1240 1991 1302 2030 137.

184 2040 259 2072 202
