1399 2271
609 56 800 94 VIRGIL

119 157 198 181 non
216 143 314 180 mihi
331 145 409 180 iam
427 146 566 193 pingui
584 143 784 181 sudabunt
802 148 981 193 tempora
1000 144 1171 195 myrrha,

120 198 296 247 pronuba
315 210 389 235 nec
409 202 535 234 castos
549 197 743 234 accendet
761 200 875 247 pinus
895 197 1075 244 honores,

119 265 192 288 nec
213 251 332 301 Libys
351 251 512 301 Assyrio
531 256 731 288 sternetur
749 251 918 288 lectulus
937 257 1052 288 ostro.
1215 258 1289 290 440

119 318 262 355 magna
273 317 415 355 queror
429 318 437 341 :
457 317 521 341 me
533 317 584 341 ne
596 304 662 340 illa
674 305 835 355 quidem
847 308 1064 342 communis
1076 305 1272 343 alumnam

119 359 300 395 omnibus
318 360 464 395 iniecta
483 357 601 395 'tellus
621 358 833 395 tumulabit
852 357 1009 395 harena.

119 425 236 449 mene
255 414 361 449 inter
378 416 524 448 matres
543 411 816 462 ancillarisque
835 415 1007 458 maritas,

119 478 235 503 mene
255 465 348 502 alias
367 468 473 502 inter
492 464 725 502 famularum
743 478 909 502 munere
928 465 1041 516 fungi
1080 468 1085 473 '

119 521 296 568 coniugis
310 524 430 569 atque
444 524 550 564 tuae,
563 531 833 569 quaecumque
849 522 924 556 erit
938 519 1016 564 illa,
1032 520 1171 557 beatae
1215 526 1288 558 445

119 586 198 610 non
216 572 329 610 licuit
348 571 527 622 gravidos
545 585 667 621 penso
687 572 895 609 devolvere
913 572 1045 610 fusos?

119 631 160 664 at
179 626 273 663 belli
293 626 431 663 sal'tem
452 628 646 674 captivam
665 625 756 675 lege
775 629 978 663 necasses!
1214 631 1286 667 447

118 683 196 716 iam
214 679 378 716 tandem
397 692 506 716 casus
525 679 738 724 hominum,
757 682 833 716 iam
848 682 1013 729 respice,
1034 681 1163 717 Minos
1179 682 1186 705 ‘
1215 686 1290 718 454

119 736 170 770 sit
189 736 281 770 satis
301 732 388 778 hoc,
407 737 565 769 tantum
583 732 704 769 solam
724 733 866 770 vidisse
885 733 1088 779 malorum,
1216 740 1300 772 455⁷

119 786 182 824 vel
201 786 283 823 fato
302 786 423 823 fuerit
442 786 554 823 nobis
573 785 670 823 haec
690 786 825 823 debita
844 790 980 835 pestis,

120 840 182 878 vel
203 853 292 877 casu
313 842 477 884 incerto,
497 842 639 876 merita
658 840 721 876 vel
740 840 912 889 denique
932 840 1069 890 culpa:

120 896 250 931 omnia
268 906 360 930 nam
378 895 508 942 potius
528 906 645 943 quam
663 898 705 930 te
724 892 864 930 fecisse
883 895 1069 943 putab0.''

173 947 338 984 Labitur
355 949 509 983 interea
527 946 704 983 revoluta
723 947 772 983 ab
790 946 906 983 litore
927 947 1070 994 classis,

119 1014 262 1050 magna
279 1003 490 1049 repentino
510 1002 716 1036 sinuantur
733 1000 857 1037 lint-ea
877 1000 988 1046 Coro,
1216 1002 1292 1041 460

121 1054 292 1091 flectitur
310 1056 351 1090 in
369 1053 483 1090 viridi
501 1066 632 1090 remus
650 1053 743 1099 sale,
761 1053 948 1103 languida
966 1054 1092 1092 fessae

121 1110 280 1156 virginis
299 1110 340 1143 in
360 1120 474 1143 cursu
493 1109 659 1144 moritur
677 1109 920 1157 querimonia
939 1107 1068 1157 longo.

120 1161 268 1198 deserit
287 1163 463 1210 angustis
483 1159 678 1197 inclusum
697 1160 875 1197 faucibus
895 1160 1088 1208 Isthmon,

121 1214 354 1264 Cypselidae
372 1216 506 1263 magni
525 1213 703 1251 florentia
723 1227 845 1263 regna
866 1214 1069 1260 Corinthi3

120 1270 311 1317 praeterit
329 1267 514 1316 abruptas
533 1266 703 1304 Scironis
722 1270 901 1316 protinus
919 1281 1028 1305 arces.
1217 1269 1291 1308 465

121 1320 389 1370 infestumque
409 1323 488 1357 suis
507 1320 614 1357 dirae
633 1321 846 1357 testudinis
866 1323 949 1358 exit

121 1374 321 1423 spelaeum
340 1373 545 1424 multoque
565 1380 748 1411 cruentas
767 1374 923 1424 hospite
943 1381 1087 1413 cautes.

120 1431 276 1477 iamque
295 1427 394 1464 adeo
413 1432 545 1464 tutum
564 1426 683 1476 longe
706 1427 863 1464 Piraeea
882 1432 1021 1474 cernit,

122 1486 163 1518 et
182 1486 308 1526 notas,
327 1480 406 1517 heu
426 1480 504 1517 heu
524 1479 680 1526 frustra,
699 1486 899 1531 respectat
918 1482 1107 1520 Athenas.

163 1549 203 1569 ‘²³
226 1548 347 1580 odores
365 1549 444 1581 HL.

165 1593 208 1612 ⁵4¹
231 1603 284 1623 me
299 1603 342 1623 ne
360 1593 498 1633 Heyne:
524 1603 566 1624 ne
583 1597 623 1625 ut
647 1595 722 1633 (nec
739 1597 774 1625 et
797 1604 836 1625 or
859 1596 934 1632 ut):
969 1605 1011 1626 ne
1040 1600 1078 1626 tu
1095 1619 1103 1627 .
1125 1621 1131 1628 .
1153 1620 1160 1629 .
1180 1600 1292 1628 tumu-

122 1636 208 1667 labis
225 1635 321 1666 Ellis.

162 1678 270 1698 ¹⁴⁸⁴⁵⁸
293 1677 345 1709 the
359 1678 598 1719 transposition
614 1679 656 1719 of
673 1689 776 1711 uersu
791 1690 831 1710 as
852 1679 1023 1712 indicated
1044 1681 1077 1712 in
1103 1681 1155 1714 the
1178 1687 1245 1715 text
1267 1683 1296 1715 is

120 1722 183 1753 duc·
199 1727 229 1752 ιο
246 1720 413 1752 Sudhaus
461 1721 504 1752 So
527 1721 678 1753 Vollmer.

164 1764 207 1782 ⁴⁵⁰
230 1763 402 1795 livescunt
418 1763 601 1795 Heinsius:
623 1764 802 1796 labe-scunt
819 1765 1037 1805 (labascunt).

164 1806 207 1826 ⁴⁵¹
229 1806 355 1847 pristes
372 1806 481 1838 Barth
494 1817 505 1838 .·
526 1811 640 1848 paetes
656 1818 695 1838 or
708 1808 828 1849 pisces.

163 1849 207 1868 ⁴⁵⁵
229 1849 301 1880 sola
317 1849 445 1880 HAR:
469 1849 619 1891 Scyllam
636 1850 768 1891 Haupt.

163 1891 206 1911 ¹⁵⁷
229 1892 361 1923 incerto
378 1891 548 1932 Scaliyer:
571 1893 718 1934 incepto.
787 1893 830 1912 ‘⁵⁹
855 1894 1007 1926 resoluta
1024 1895 1196 1929 Heinsius

163 1934 207 1953 ⁴⁶⁴
229 1939 265 1966 et
281 1935 396 1976 magni
412 1934 589 1967 Schrader.
637 1935 842 1968 Corinthum
860 1936 989 1978 Heyne.

163 1977 207 1996 ⁴⁶⁹
229 1977 295 2009 heu
311 1977 392 2017 heu]
407 1988 520 2009 seeum
537 1978 613 2010 heu.

121 2025 197 2058 440
