1399 2271
657 34 848 71 VIRGIL

169 130 211 160 ut
229 123 334 160 bello
353 125 532 172 egregias
550 122 657 159 idem
676 121 874 158 disiecerit
895 122 1022 166 urbes,
1263 124 1339 163 290

166 178 398 226 Troiamque
419 175 740 224 Oechaliamque,
757 180 801 211 ut
819 175 935 210 duros
954 174 1061 210 mille
1082 174 1233 211 labores

168 243 259 279 rege
279 230 350 266 sub
372 229 592 278 Eurystheo
613 228 703 264 fatis
724 228 884 264 Iunonis
904 230 1061 277 iniquae

167 282 385 331 pertulerit.
443 286 467 303 “
481 287 524 318 tu
546 282 777 330 nubigenas,
796 284 955 326 invicte,
975 281 1215 326 bimembris,

169 336 444 386 Hylaeumque
463 335 719 384 Pholumque,
735 348 866 379 manu,
881 339 925 370 tu
941 334 1071 370 Cresia
1086 339 1234 371 mactas

167 389 341 438 prodigia
361 394 403 425 et
422 394 574 425 vastum
595 388 744 424 Nemea
765 389 836 424 sub
856 400 952 436 rupe
972 387 1139 424 leonem.
1263 391 1337 430 295

167 449 205 479 te
226 442 351 492 Stygii
372 448 570 478 tremuere
589 441 710 487 lacus,
729 446 769 477 te
790 443 931 476 ianitor
951 440 1044 477 Orci

165 509 248 533 ossa
268 509 384 545 super
404 496 592 532 recubans
611 499 724 531 antro
743 507 894 530 semesa
913 499 1100 537 cruent03

165 562 237 585 nec
257 554 297 586 te
318 549 420 584 ullae
442 548 573 594 facies,
592 561 671 584 non
691 550 832 584 terruit
851 550 934 596 ipse
954 547 1166 596 Typhoeus

164 602 306 638 arduus
325 615 432 638 arma
450 607 605 646 tenens,
625 614 705 637 non
725 606 766 637 te
787 603 946 636 rationis
965 605 1153 649 egentem

166 655 363 692 Lernaeus
382 656 495 691 turba
515 657 687 703 capitum
708 656 969 690 circumstetit
987 656 1136 702 anguis.
1262 657 1337 690 300

164 708 281 754 salve,
301 721 391 744 vera
413 708 513 743 Iovis
534 707 674 756 proles,
694 707 814 743 decus
833 706 969 743 addite
989 706 1100 751 divis,

163 767 204 798 et
223 774 292 798 nos
313 766 354 797 et
374 766 441 797 tua
461 761 602 796 dexter
619 760 682 796 adi
703 760 806 808 pede
826 773 934 796 sacra
952 759 1166 798 secundo.''

163 815 255 851 talia
273 815 507 850 carminibus
527 813 755 856 celebrant;
784 826 901 862 super
919 815 1050 849 onmia
1070 813 1159 850 Caci

162 868 387 917 speluncam
403 867 579 903 adiciunt
599 869 894 915 spirantemque
913 867 1070 915 ignibus
1089 869 1228 915 ipsum.

161 926 349 957 consonat
361 933 476 957 omne
489 933 627 956 nemus
641 922 808 968 strepitu
822 919 1019 968 collesque
1033 920 1237 957 resultant.
1259 924 1333 957 305

214 975 328 1010 Exim
348 987 389 1010 se
409 976 540 1010 cuncti
561 973 703 1009 divinis
721 973 837 1009 rebus
856 973 906 1008 ad
926 973 1063 1009 urbem

162 1027 345 1076 perfectis
365 1026 552 1063 referunt.
609 1027 692 1062 ibat
710 1039 779 1062 rex
799 1027 948 1062 obsitus
967 1039 1076 1072 aevo,

161 1086 202 1117 et
221 1083 405 1116 comitem
426 1080 589 1116 Aenean
610 1082 718 1115 iuxta
737 1084 953 1129 natumque
973 1080 1139 1118 tenebat

160 1134 386 1182 ingrediens
406 1136 587 1182 varioque
608 1136 707 1168 viam
728 1145 907 1168 sermone
927 1132 1094 1169 levabat.

160 1190 321 1223 miratur
341 1186 542 1235 facilisque
562 1186 693 1222 oculos
714 1185 792 1222 fert
811 1188 940 1221 omnia
960 1188 1106 1222 circum
1257 1191 1333 1224 310

161 1240 329 1284 Aeneas,
348 1243 577 1288 capiturque
597 1239 691 1275 locis
712 1244 752 1275 et
771 1238 925 1287 singula
943 1239 1070 1276 laetus

161 1296 407 1342 exquiritque
427 1293 616 1341 auditque
638 1295 761 1328 virum
781 1297 1037 1329 monumenta
1056 1295 1238 1341 priorum.

161 1352 243 1382 tum
264 1359 330 1382 rex
352 1346 569 1390 Euandrus,
595 1346 789 1381 Romanae
809 1345 988 1381 conditor
1005 1348 1125 1383 arcis:

160 1404 184 1419 “
197 1399 293 1435 haec
306 1412 464 1434 nemora
477 1399 686 1447 indigenae
704 1398 825 1434 Fauni
841 1398 1127 1448 Nymphaeque
1140 1400 1333 1437 tenebant

159 1465 335 1501 gensque
357 1455 479 1487 virum
500 1454 647 1488 truncis
667 1457 709 1487 et
727 1451 825 1487 duro
845 1452 981 1488 robore
1002 1458 1106 1497 nata,
1256 1457 1330 1490 315

159 1508 244 1555 quis
257 1518 386 1554 neque
399 1518 482 1541 mos
496 1518 623 1554 neque
637 1504 765 1540 cuitus
779 1510 876 1550 erat,
889 1518 962 1541 nec
975 1508 1139 1555 iungere
1155 1511 1285 1543 tauros

244 1623 285 1642 ²⁹¹
311 1622 504 1655 Oechaliam
522 1623 645 1654 eduros
663 1624 723 1654 illl.

243 1666 286 1727 ζῶ
310 1666 343 1697 N
346 1677 467 1740 emaeg„²
478 1668 513 1696 Μ
524 1676 535 1697 .·
558 1666 687 1698 Nemea
704 1665 823 1705 2’21-37:
848 1665 998 1697 Nemeae
1015 1666 1068 1705 Pl,
1087 1666 1233 1699 Servius.

259 1709 287 1727 0⁶
309 1709 387 1739 exin
405 1710 432 1739 le
470 1719 494 1740 c.

199 1842 210 1861 ¹
233 1841 337 1879 Juno,
363 1841 440 1872 who
465 1842 497 1871 in
522 1841 677 1883 jealousy
700 1845 778 1873 sent,
799 1844 869 1873 two
888 1841 1012 1873 snakes
1029 1845 1065 1873 to
1082 1841 1145 1873 kill
1166 1841 1332 1874 Hercules

159 1885 192 1915 in
230 1884 283 1915 his
318 1883 444 1921 cradle,
477 1884 543 1914 and
576 1888 612 1915 to
643 1885 756 1915 whose
786 1884 968 1916 craftiness
999 1886 1027 1916 it
1058 1895 1127 1916 was
1156 1884 1224 1917 due
1254 1885 1332 1917 that

160 1926 324 1958 Hercules
340 1926 408 1958 had
425 1930 461 1958 to
478 1937 573 1957 serve
591 1927 807 1969 Eurystheus
819 1927 872 1958 for
888 1927 1012 1959 twelve
1028 1938 1137 1969 years.

161 1981 208 2013 80
