1399 2271
670 75 858 112 VIRGIL

177 161 219 198 fit
237 174 368 207 sonus,
387 163 542 210 ingenti
562 174 749 198 concussa
768 166 830 198 est
847 160 1023 210 pondere
1043 160 1185 206 tellus3

175 215 377 264 conlapsos
396 220 503 251 artus
522 219 642 264 atque
660 227 767 250 arma
786 219 948 252 cruenta
967 215 1128 251 cerebro

175 271 316 305 sternit
335 268 444 305 humi
463 270 633 304 moriens
651 273 772 317 atque
790 267 848 304 illi
866 268 1042 317 partibus
1060 270 1195 316 aequis

175 322 251 358 huc
267 328 385 371 caput
399 327 519 371 atque
534 321 627 357 illuc
641 333 777 357 umero
792 334 841 358 ex
855 327 1023 370 utroque
1038 320 1240 370 pependit.
1272 322 1346 359 755

229 376 453 424 Diffugiunt
471 377 571 411 versi
590 374 746 424 trepida
764 374 974 411 formidine
993 373 1127 420 Troes,

175 434 217 466 et
235 432 266 465 si
286 432 474 465 continuo
493 431 681 465 victorem
701 441 747 465 ea
766 441 858 464 cura
877 428 1059 474 subisset,

177 495 356 531 rumpere
369 483 536 518 claustra
549 495 666 518 manu
679 484 880 531 sociosque
894 484 1108 518 immittere
1121 483 1256 529 portis,

176 536 335 573 ultimus
354 536 420 572 ille
440 536 524 572 dies
544 535 649 572 bello
666 538 859 585 gent-ique
878 534 1026 572 fuisset.

175 589 244 626 sed
263 589 369 626 furor
386 589 594 626 ardentem
612 589 822 638 caedisque
840 591 977 625 insana
996 588 1139 637 cupido
1272 585 1348 626 760

175 645 259 692 egit
277 646 318 679 in
337 643 529 679 adversos.

175 699 366 745 principio
386 696 582 732 Phalerim
603 700 646 732 et
663 697 811 732 succiso
831 695 981 745 poplite
1002 694 1144 744 Gygen

176 752 344 799 excipit:
374 749 466 786 hinc
486 754 615 798 raptas
634 748 879 798 fugientibus
898 751 1045 798 ingerit
1065 745 1195 785 h'astas

176 806 215 839 in
234 809 414 852 tergum;
446 803 460 839 I
467 816 544 839 uno
563 804 653 839 viris
671 805 924 852 animumque
942 804 1148 839 ministrat.

174 856 286 893 addit
307 857 455 906 Halym
474 858 659 893 comitem
679 861 721 892 et
740 855 890 892 confixa
911 855 1068 892 Pheffea
1087 868 1233 904 parma,
1272 853 1346 894 765

176 913 330 959 ignaros
349 910 495 947 deinde
515 912 555 945 in
574 912 694 945 muris
715 909 965 959 Martemque
985 911 1125 945 cientis

176 963 497 1012 Alcandrumque
523 962 765 1012 Haliumque
795 963 1077 1012 Noemonaque
1109 962 1242 1011 Pryta-

280 1019 452 1066 nimque.

177 1070 334 1119 Lyncea
355 1070 588 1107 tendentem
608 1074 743 1106 contra
762 1072 963 1119 sociosque
983 1074 1189 1105 vocantem

177 1125 343 1160 vibranti
363 1123 494 1172 gladio
514 1125 675 1159 conixus
693 1124 742 1159 ab
762 1135 907 1172 aggere
926 1122 1068 1159 dexter

175 1183 352 1226 occupat,
373 1177 463 1213 huic
482 1189 561 1213 uno
580 1176 780 1213 deiectum
799 1179 1015 1212 comminus
1035 1178 1115 1212 ictu
1275 1176 1348 1214 770

175 1244 263 1267 cum
283 1230 396 1279 galea
414 1230 533 1279 longe
552 1232 672 1266 iacuit
691 1234 823 1279 caput,
841 1229 935 1265 inde
954 1229 1123 1265 ferarum

175 1289 410 1321 vastatorem
430 1284 638 1333 Amycum,
657 1296 734 1332 quo
754 1296 833 1318 non
852 1282 1003 1319 felicior
1020 1282 1122 1319 alter

177 1351 324 1385 ungere
344 1337 425 1373 tela
443 1350 561 1372 manu
582 1336 808 1385 ferrumque
827 1349 976 1372 armare
996 1348 1162 1380 veneno,

175 1396 216 1427 et
236 1391 407 1439 Clytium
429 1389 623 1426 Aeoliden
643 1395 684 1426 et
702 1392 870 1425 amicum
890 1389 1061 1425 Crethea
1080 1389 1216 1434 Musis,

175 1444 344 1480 Crethea
365 1443 565 1479 Musarum
585 1445 783 1488 comitem,
803 1445 864 1478 cui
884 1445 1055 1478 carmina
1074 1455 1230 1490 semper
1271 1445 1345 1481 775

175 1503 216 1534 et
235 1497 408 1534 citharae
428 1496 535 1532 cordi
554 1508 816 1545 numerosque
835 1495 1044 1532 intendere
1064 1498 1216 1538 nervis3

175 1563 330 1599 semper
343 1563 463 1599 equos
475 1555 594 1599 atque
606 1563 713 1585 arma
725 1552 850 1585 virum
862 1561 1093 1598 pugnasque
1106 1549 1283 1585 canebat.

226 1603 404 1640 Tandem
424 1603 608 1639 ductores
627 1602 761 1638 audita
780 1602 901 1639 caede
920 1615 1077 1639 suorum

173 1660 416 1693 conveniunt
433 1656 587 1701 Teucri,
607 1655 843 1692 Mnestheus
861 1668 1030 1705 acerque
1048 1655 1240 1701 Serestus,

173 1711 420 1759 palantisque
441 1709 579 1746 vident
597 1712 720 1746 socios
740 1709 973 1757 hostemque
993 1713 1208 1757 receptum.
1271 1711 1346 1748 780

173 1769 216 1801 et
248 1763 483 1799 Mnestheus
498 1777 505 1799 :
545 1766 570 1783 “
582 1775 659 1812 quo
692 1761 838 1799 deinde
867 1762 1014 1811 fugam,
1044 1774 1121 1811 quo
1154 1767 1241 1798 ten-

276 1817 396 1853 ditis?
411 1816 432 1829 ''
462 1818 601 1866 inquit.

385 1896 429 1914 ⁷⁵⁴
453 1900 587 1937 tergum
604 1897 679 1934 My:
704 1900 820 1937 tergus
836 1896 919 1927 P¹R.

385 1939 429 1958 755
452 1939 620 1969 confixum
638 1939 782 1979 ,ll2P27².
874 1939 919 1958 ⁷⁶⁹
942 1938 1064 1970 dextra
1081 1939 1144 1972 ΜῙ.

386 1982 430 2001 '³⁷⁰
453 1981 629 2013 desectum
645 1982 692 2022 γι.
878 1982 922 2001 ⁷⁶¹
945 1982 1027 2023 fuga
1042 1982 1094 2015 Pl.

180 2024 251 2062 164
