1399 2271
660 66 851 102 VIRGIL

171 152 415 201 bellatorque
434 154 565 187 animo
583 152 681 188 deus
700 150 850 187 incidit.

174 205 382 250 Pandarus,
402 210 448 241 ut
466 205 552 241 fuso
571 218 802 253 germanum
822 217 982 253 corpore
1002 208 1143 250 cernit,

171 263 213 295 et
231 271 309 308 quo
327 261 379 295 sit
396 257 555 295 fortuna
574 258 671 303 loco,
691 261 759 307 qui
778 270 888 294 casus
906 263 999 307 agat
1018 271 1091 302 res,

170 317 323 361 portam
343 314 379 348 vi
397 325 541 361 magna
560 324 746 348 converso
764 311 924 348 cardine
943 316 1115 361 torquet,

171 366 336 402 obnixus
355 365 446 402 latis
466 368 622 410 umeris,
642 364 866 414 multosque
887 377 1044 401 suorum
1268 367 1343 404 725

171 419 376 455 moenibus
396 418 573 455 exclusos
593 418 691 454 duro
710 420 750 454 in
770 420 985 454 certamine
1005 417 1174 467 linquit3

171 477 232 509 ast
249 472 344 509 alios
363 485 495 509 secum
516 472 684 508 includit
703 474 921 521 recipitque
942 474 1105 517 ruentis,

171 526 350 571 demens,
361 528 427 575 qui
443 525 631 562 Rutulum
644 528 682 561 in
698 525 829 561 medio
841 538 919 560 non
932 527 1090 574 agmine
1105 538 1240 573 regem

172 579 315 616 viderit
332 582 629 628 inrumpentem
647 578 829 628 ultroque
848 578 1052 614 incluserit
1074 578 1171 624 urbi,

172 635 383 669 immanem
403 633 525 669 veluti
545 645 686 682 pecora
704 635 809 669 inter
827 634 970 668 inertia
988 634 1133 681 tigrim.
1270 634 1345 671 730

172 689 359 722 continuo
378 699 478 722 nova
495 686 563 722 lux
582 685 704 722 oculis
724 685 869 722 effulsit
888 690 930 722 et
948 698 1055 721 arma

172 739 412 776 horrendum
432 752 622 783 sonuere3
649 744 828 775 tremunt
847 741 888 774 in
907 741 1054 775 vertice
1075 741 1215 776 cristae

172 796 411 842 sanguineae
430 793 636 842 clipeoque
656 795 841 828 micantia
859 791 1024 828 fulmina
1042 795 1177 828 mittit.

172 847 420 895 adgnoscunt
432 846 572 883 faciem
585 848 749 883 invisam
760 851 881 895 atque
893 848 1077 882 immania
1089 847 1264 882 membra

171 901 320 937 turbati
340 901 470 936 subito
491 899 713 936 Aeneadae.
770 904 855 935 tum
879 899 1077 936 Pandarus
1095 902 1237 948 ingens
1272 902 1346 939 735

173 956 316 991 emicat
336 959 378 991 et
395 956 532 989 mortis
552 953 748 989 fraternae
767 952 940 989 fervidus
959 956 1014 988 ira

173 1007 337 1044 effatur:
369 1011 484 1043 “non
505 1007 602 1043 haec
621 1006 763 1042 dotalis
782 1009 890 1054 regia
911 1006 1091 1051 Amatae,

172 1073 246 1097 nec
265 1063 385 1097 muris
404 1060 565 1096 cohibet
584 1063 718 1108 patriis
737 1060 868 1095 media
888 1059 1019 1096 Ardea
1038 1059 1213 1096 Turnum
1229 1073 1238 1097 t

172 1119 297 1150 castra
316 1116 473 1149 inimica
492 1113 625 1157 vides3
653 1113 762 1149 nulla
781 1113 873 1148 hinc
892 1115 998 1149 exire
1018 1114 1231 1162 potestas.''

172 1167 238 1203 olli
258 1167 465 1204 subridens
484 1166 622 1204 sedato
641 1172 802 1215 pectore
821 1166 975 1202 Turnus
991 1180 998 1202 ε
1271 1169 1346 1205 740

173 1225 197 1242 “
208 1223 351 1269 incipe,
371 1223 402 1258 si
421 1233 498 1270 qua
516 1223 647 1256 animo
667 1222 802 1265 virtus,
823 1224 864 1256 et
882 1232 1044 1256 consere
1065 1220 1267 1257 dextram:

171 1274 235 1310 hic
255 1277 375 1311 etiam
394 1277 601 1310 inventum
623 1273 774 1309 Priamo
793 1273 967 1309 narrabis
986 1272 1222 1310 Achillem.”

171 1328 336 1364 dixerat.
392 1327 459 1363 ille
480 1327 618 1363 rudem
639 1326 752 1363 nodis
771 1331 813 1363 et
832 1329 977 1363 cortice
997 1326 1118 1363 crudo

170 1384 373 1430 intorquet
392 1383 553 1416 summis
571 1380 738 1416 adnixus
757 1380 902 1416 viribus
923 1379 1075 1416 hastam
1091 1392 1100 1416 ε

170 1447 363 1483 excepere
383 1446 523 1472 aurae:
553 1433 691 1469 volnus
711 1433 894 1469 Saturnia
913 1433 1012 1469 Iuno
1271 1436 1345 1474 745

169 1487 337 1524 detorsit
356 1490 519 1524 veniens
539 1491 754 1536 portaeque
775 1486 951 1534 infigitur
970 1486 1092 1523 hasta.

169 1545 248 1577 “at
266 1554 346 1577 non
366 1540 439 1577 hoc
458 1540 597 1585 telum,
616 1552 704 1576 mea
720 1539 824 1588 quod
845 1541 881 1575 vi
901 1539 1065 1576 dextera
1085 1545 1227 1585 versat,

169 1594 355 1642 effugies3
382 1606 513 1643 neque
534 1596 639 1629 enim
659 1596 690 1630 is
710 1593 780 1629 teli
800 1605 874 1628 nec
893 1592 1061 1629 volneris
1079 1593 1254 1630 auct01·.’'

169 1651 222 1684 sic
242 1650 297 1684 ait
317 1652 358 1684 et
377 1647 573 1683 sublatum
594 1646 674 1683 alte
693 1648 896 1694 consurgit
913 1648 954 1681 in
974 1659 1109 1682 ensem

169 1707 212 1737 et
230 1700 401 1737 mediam
420 1699 522 1736 ferro
543 1703 700 1749 gemina
719 1702 824 1735 inter
840 1704 1019 1748 tempora
1038 1700 1210 1736 frontem
1267 1703 1288 1740 7
1294 1706 1342 1738 50

168 1754 309 1791 dividit
326 1754 585 1803 impubesque
605 1755 765 1789 immani
785 1752 944 1789 volnere
963 1752 1094 1790 malas.

275 1844 319 1862 ⁷²¹
340 1843 471 1875 animos
487 1843 550 1876 Ml.
633 1843 678 1862 ⁷²²
700 1843 824 1882 cernit]
840 1841 931 1874 vidit
946 1843 1006 1881 Py.

274 1886 317 1906 ⁷²³
340 1887 417 1927 quis
434 1887 540 1925 PJ—z71.
632 1886 675 1905 ⁷²³
698 1896 822 1927 magna
836 1886 882 1917 M.
977 1885 1021 1904 ⁷³¹
1044 1884 1176 1916 offulsit
1192 1885 1230 1916 R.

273 1929 317 1948 ⁷³³
341 1929 442 1969 clipei
458 1929 532 1967 1³7¹.
581 1930 729 1960 mittunt
744 1928 853 1970 PR71.
975 1928 1017 1946 ⁷⁴¹
1041 1928 1146 1958 animi
1163 1929 1200 1959 Ιί.

204 2014 215 2022 .
275 1972 318 1991 ⁷⁴¹⁷
342 1973 472 2011 versat]
488 1970 593 2003 librat
608 1972 669 2014 Py.
973 1970 1017 1990 ⁷⁴⁸
1040 1971 1083 2011 is]
1099 1981 1134 2001 es
1152 1971 1212 2010 Py.
