<?xml version="1.0" encoding="UTF-8"?>
<!DOCTYPE html PUBLIC "-//W3C//DTD XHTML 1.0 Transitional//EN"
    "http://www.w3.org/TR/xhtml1/DTD/xhtml1-transitional.dtd">
<html xmlns="http://www.w3.org/1999/xhtml" xml:lang="en" lang="en">
 <head>
  <title>
</title>
<meta http-equiv="Content-Type" content="text/html;charset=utf-8" />
  <meta name='ocr-system' content='tesseract 3.04.00' />
  <meta name='ocr-capabilities' content='ocr_page ocr_carea ocr_par ocr_line ocrx_word'/>
</head>
<body>
  <div class='ocr_page' id='page_1' title='image "./virgilwithenglis02virg_0302.png"; bbox 0 0 1399 2271; ppageno 0'>
   <div class='ocr_carea' id='block_1_1' title="bbox 628 66 818 103">
    <p class='ocr_par' dir='ltr' id='par_1_1' title="bbox 628 66 818 103">
     <span class='ocr_line' id='line_1_1' title="bbox 628 66 818 103; baseline 0.005 -1"><span class='ocrx_word' id='word_1_1' title='bbox 628 66 818 103; x_wconf 89' lang='lat' dir='ltr'>VIRGIL</span> 
     </span>
    </p>
   </div>
   <div class='ocr_carea' id='block_1_2' title="bbox 136 151 1311 331">
    <p class='ocr_par' dir='ltr' id='par_1_2' title="bbox 136 151 1311 331">
     <span class='ocr_line' id='line_1_2' title="bbox 136 151 1311 202; baseline 0.003 -15"><span class='ocrx_word' id='word_1_2' title='bbox 136 151 259 188; x_wconf 86' lang='lat' dir='ltr'><strong>telum</strong></span> <span class='ocrx_word' id='word_1_3' title='bbox 280 165 327 188; x_wconf 89' lang='lat' dir='ltr'><strong>ex</strong></span> <span class='ocrx_word' id='word_1_4' title='bbox 349 152 499 189; x_wconf 81' lang='lat' dir='ltr'>insidiis</span> <span class='ocrx_word' id='word_1_5' title='bbox 518 165 606 189; x_wconf 90' lang='lat' dir='ltr'><strong>cum</strong></span> <span class='ocrx_word' id='word_1_6' title='bbox 627 152 789 189; x_wconf 91' lang='lat' dir='ltr'><strong>tandem</strong></span> <span class='ocrx_word' id='word_1_7' title='bbox 809 158 988 202; x_wconf 88' lang='lat' dir='ltr'><strong>tempore</strong></span> <span class='ocrx_word' id='word_1_8' title='bbox 1009 158 1124 202; x_wconf 82' lang='lat' dir='ltr'><strong>capto</strong></span> <span class='ocrx_word' id='word_1_9' title='bbox 1257 163 1311 190; x_wconf 75' lang='lat' dir='ltr'><strong>up</strong></span> 
     </span>
     <span class='ocr_line' id='line_1_3' title="bbox 136 218 1134 267; baseline 0.002 -15"><span class='ocrx_word' id='word_1_10' title='bbox 136 219 308 254; x_wconf 84' lang='lat' dir='ltr'><strong>concitat</strong></span> <span class='ocrx_word' id='word_1_11' title='bbox 328 222 370 254; x_wconf 92' lang='lat' dir='ltr'><strong>et</strong></span> <span class='ocrx_word' id='word_1_12' title='bbox 388 229 549 266; x_wconf 86' lang='lat' dir='ltr'><strong>superos</strong></span> <span class='ocrx_word' id='word_1_13' title='bbox 569 218 722 254; x_wconf 89' lang='lat' dir='ltr'><strong>Arruns</strong></span> <span class='ocrx_word' id='word_1_14' title='bbox 741 220 796 254; x_wconf 90' lang='lat' dir='ltr'><strong>sic</strong></span> <span class='ocrx_word' id='word_1_15' title='bbox 815 230 910 254; x_wconf 91' lang='lat' dir='ltr'><strong>voce</strong></span> <span class='ocrx_word' id='word_1_16' title='bbox 929 223 1134 267; x_wconf 82' lang='lat' dir='ltr'><strong>precatur:</strong></span> 
     </span>
     <span class='ocr_line' id='line_1_4' title="bbox 136 280 1308 331; baseline 0.001 -14"><span class='ocrx_word' id='word_1_17' title='bbox 136 284 322 317; x_wconf 88' lang='lat' dir='ltr'><strong>“summe</strong></span> <span class='ocrx_word' id='word_1_18' title='bbox 342 280 474 326; x_wconf 86' lang='lat' dir='ltr'><strong>deum,</strong></span> <span class='ocrx_word' id='word_1_19' title='bbox 495 284 619 318; x_wconf 88' lang='lat' dir='ltr'><strong>sancti</strong></span> <span class='ocrx_word' id='word_1_20' title='bbox 640 287 770 318; x_wconf 87' lang='lat' dir='ltr'><strong>custos</strong></span> <span class='ocrx_word' id='word_1_21' title='bbox 789 281 959 319; x_wconf 82' lang='lat' dir='ltr'><strong>Soractis</strong></span> <span class='ocrx_word' id='word_1_22' title='bbox 980 281 1135 331; x_wconf 87' lang='lat' dir='ltr'>Apollo,</span> <span class='ocrx_word' id='word_1_23' title='bbox 1235 283 1308 321; x_wconf 87' lang='lat'><strong>785</strong></span> 
     </span>
    </p>
   </div>
   <div class='ocr_carea' id='block_1_3' title="bbox 136 345 1315 1880">
    <p class='ocr_par' dir='ltr' id='par_1_3' title="bbox 136 345 1117 395">
     <span class='ocr_line' id='line_1_5' title="bbox 136 345 1117 395; baseline 0.001 -14"><span class='ocrx_word' id='word_1_24' title='bbox 136 358 253 395; x_wconf 88' lang='lat' dir='ltr'><strong>quem</strong></span> <span class='ocrx_word' id='word_1_25' title='bbox 274 348 387 395; x_wconf 89' lang='lat' dir='ltr'><strong>primi</strong></span> <span class='ocrx_word' id='word_1_26' title='bbox 408 345 584 392; x_wconf 88' lang='lat' dir='ltr'><strong>colimus,</strong></span> <span class='ocrx_word' id='word_1_27' title='bbox 605 349 666 382; x_wconf 90' lang='lat' dir='ltr'><strong>cui</strong></span> <span class='ocrx_word' id='word_1_28' title='bbox 686 348 827 395; x_wconf 87' lang='lat' dir='ltr'><strong>pineus</strong></span> <span class='ocrx_word' id='word_1_29' title='bbox 846 346 960 383; x_wconf 88' lang='lat' dir='ltr'><strong>ardor</strong></span> <span class='ocrx_word' id='word_1_30' title='bbox 978 359 1117 383; x_wconf 87' lang='lat' dir='ltr'><strong>acervo</strong></span> 
     </span>
    </p>

    <p class='ocr_par' dir='ltr' id='par_1_4' title="bbox 137 411 1091 461">
     <span class='ocr_line' id='line_1_6' title="bbox 137 411 1091 461; baseline 0.002 -15"><span class='ocrx_word' id='word_1_31' title='bbox 137 413 308 459; x_wconf 83' lang='lat' dir='ltr'><strong>pascitur</strong></span> <span class='ocrx_word' id='word_1_32' title='bbox 327 416 369 448; x_wconf 89' lang='lat' dir='ltr'><strong>et</strong></span> <span class='ocrx_word' id='word_1_33' title='bbox 388 411 565 448; x_wconf 87' lang='lat' dir='ltr'><strong>medium</strong></span> <span class='ocrx_word' id='word_1_34' title='bbox 584 411 676 448; x_wconf 85' lang='lat' dir='ltr'><strong>freti</strong></span> <span class='ocrx_word' id='word_1_35' title='bbox 697 414 847 460; x_wconf 86' lang='lat' dir='ltr'><strong>pietate</strong></span> <span class='ocrx_word' id='word_1_36' title='bbox 868 424 938 461; x_wconf 86' lang='lat' dir='ltr'><strong>per</strong></span> <span class='ocrx_word' id='word_1_37' title='bbox 957 414 1091 460; x_wconf 80' lang='lat' dir='ltr'>ignem</span> 
     </span>
    </p>

    <p class='ocr_par' dir='ltr' id='par_1_5' title="bbox 136 475 1028 524">
     <span class='ocr_line' id='line_1_7' title="bbox 136 475 1028 524; baseline 0 -13"><span class='ocrx_word' id='word_1_38' title='bbox 136 475 306 511; x_wconf 87' lang='lat' dir='ltr'><strong>cultores</strong></span> <span class='ocrx_word' id='word_1_39' title='bbox 325 475 451 511; x_wconf 88' lang='lat' dir='ltr'><strong>multa</strong></span> <span class='ocrx_word' id='word_1_40' title='bbox 470 478 684 524; x_wconf 84' lang='lat' dir='ltr'><strong>premimus</strong></span> <span class='ocrx_word' id='word_1_41' title='bbox 705 477 870 524; x_wconf 84' lang='lat' dir='ltr'><strong>vestigia</strong></span> <span class='ocrx_word' id='word_1_42' title='bbox 890 488 1028 524; x_wconf 86' lang='lat' dir='ltr'><strong>pruna,</strong></span> 
     </span>
    </p>

    <p class='ocr_par' dir='ltr' id='par_1_6' title="bbox 137 539 1111 588">
     <span class='ocr_line' id='line_1_8' title="bbox 137 539 1111 588; baseline 0.001 -13"><span class='ocrx_word' id='word_1_43' title='bbox 137 539 198 584; x_wconf 84' lang='lat' dir='ltr'><strong>da,</strong></span> <span class='ocrx_word' id='word_1_44' title='bbox 217 544 343 588; x_wconf 89' lang='lat' dir='ltr'><strong>pater,</strong></span> <span class='ocrx_word' id='word_1_45' title='bbox 363 539 437 576; x_wconf 88' lang='lat' dir='ltr'><strong>hoc</strong></span> <span class='ocrx_word' id='word_1_46' title='bbox 458 542 600 576; x_wconf 85' lang='lat' dir='ltr'><strong>nostris</strong></span> <span class='ocrx_word' id='word_1_47' title='bbox 620 539 766 576; x_wconf 84' lang='lat' dir='ltr'>aboleri</span> <span class='ocrx_word' id='word_1_48' title='bbox 787 539 961 576; x_wconf 88' lang='lat' dir='ltr'><strong>dedecus</strong></span> <span class='ocrx_word' id='word_1_49' title='bbox 980 543 1111 586; x_wconf 88' lang='lat' dir='ltr'><strong>armis,</strong></span> 
     </span>
    </p>

    <p class='ocr_par' dir='ltr' id='par_1_7' title="bbox 137 603 1312 653">
     <span class='ocr_line' id='line_1_9' title="bbox 137 603 1312 653; baseline 0.001 -14"><span class='ocrx_word' id='word_1_50' title='bbox 137 606 396 652; x_wconf 87' lang='lat' dir='ltr'><strong>omnipotens.</strong></span> <span class='ocrx_word' id='word_1_51' title='bbox 454 617 534 640; x_wconf 86' lang='lat' dir='ltr'><strong>non</strong></span> <span class='ocrx_word' id='word_1_52' title='bbox 555 606 712 641; x_wconf 83' lang='lat' dir='ltr'><strong>exuvias</strong></span> <span class='ocrx_word' id='word_1_53' title='bbox 732 603 916 653; x_wconf 82' lang='lat' dir='ltr'><strong>pulsaeve</strong></span> <span class='ocrx_word' id='word_1_54' title='bbox 936 608 1141 653; x_wconf 88' lang='lat' dir='ltr'><strong>tropaeum</strong></span> <span class='ocrx_word' id='word_1_55' title='bbox 1237 606 1312 646; x_wconf 87' lang='lat'><strong>790</strong></span> 
     </span>
    </p>

    <p class='ocr_par' dir='ltr' id='par_1_8' title="bbox 136 667 1207 717">
     <span class='ocr_line' id='line_1_10' title="bbox 136 667 1207 717; baseline 0 -13"><span class='ocrx_word' id='word_1_56' title='bbox 136 671 297 717; x_wconf 84' lang='lat' dir='ltr'><strong>virginis</strong></span> <span class='ocrx_word' id='word_1_57' title='bbox 315 674 384 705; x_wconf 85' lang='lat' dir='ltr'><strong>aut</strong></span> <span class='ocrx_word' id='word_1_58' title='bbox 403 668 525 717; x_wconf 87' lang='lat' dir='ltr'><strong>spolia</strong></span> <span class='ocrx_word' id='word_1_59' title='bbox 547 668 624 704; x_wconf 83' lang='lat' dir='ltr'><strong>ulla</strong></span> <span class='ocrx_word' id='word_1_60' title='bbox 644 673 738 717; x_wconf 85' lang='lat' dir='ltr'><strong>peto</strong></span> <span class='ocrx_word' id='word_1_61' title='bbox 754 681 762 705; x_wconf 90' lang='lat'>:</span> <span class='ocrx_word' id='word_1_62' title='bbox 790 668 886 704; x_wconf 89' lang='lat' dir='ltr'><strong>mihi</strong></span> <span class='ocrx_word' id='word_1_63' title='bbox 902 673 1035 705; x_wconf 84' lang='lat' dir='ltr'><strong>cetera</strong></span> <span class='ocrx_word' id='word_1_64' title='bbox 1049 667 1207 705; x_wconf 86' lang='lat' dir='ltr'><strong>laudem</strong></span> 
     </span>
    </p>

    <p class='ocr_par' dir='ltr' id='par_1_9' title="bbox 136 732 1190 782">
     <span class='ocr_line' id='line_1_11' title="bbox 136 732 1190 782; baseline 0 -14"><span class='ocrx_word' id='word_1_65' title='bbox 136 732 240 769; x_wconf 84' lang='lat' dir='ltr'><strong>facta</strong></span> <span class='ocrx_word' id='word_1_66' title='bbox 259 732 413 776; x_wconf 80' lang='lat' dir='ltr'><strong>ferent3</strong></span> <span class='ocrx_word' id='word_1_67' title='bbox 443 732 539 769; x_wconf 84' lang='lat' dir='ltr'><strong>haec</strong></span> <span class='ocrx_word' id='word_1_68' title='bbox 559 732 643 768; x_wconf 85' lang='lat' dir='ltr'><strong>dira</strong></span> <span class='ocrx_word' id='word_1_69' title='bbox 663 745 752 769; x_wconf 88' lang='lat' dir='ltr'><strong>meo</strong></span> <span class='ocrx_word' id='word_1_70' title='bbox 772 732 867 769; x_wconf 90' lang='lat' dir='ltr'><strong>dum</strong></span> <span class='ocrx_word' id='word_1_71' title='bbox 888 732 1048 769; x_wconf 87' lang='lat' dir='ltr'><strong>volnere</strong></span> <span class='ocrx_word' id='word_1_72' title='bbox 1068 737 1190 782; x_wconf 79' lang='lat' dir='ltr'><strong>pestis</strong></span> 
     </span>
    </p>

    <p class='ocr_par' dir='ltr' id='par_1_10' title="bbox 136 796 1314 910">
     <span class='ocr_line' id='line_1_12' title="bbox 136 796 1314 846; baseline 0.001 -14"><span class='ocrx_word' id='word_1_73' title='bbox 136 796 248 845; x_wconf 90' lang='lat' dir='ltr'><strong>pulsa</strong></span> <span class='ocrx_word' id='word_1_74' title='bbox 267 796 394 842; x_wconf 86' lang='lat' dir='ltr'><strong>cadat,</strong></span> <span class='ocrx_word' id='word_1_75' title='bbox 415 799 559 846; x_wconf 80' lang='lat' dir='ltr'><strong>patrias</strong></span> <span class='ocrx_word' id='word_1_76' title='bbox 580 797 763 833; x_wconf 86' lang='lat' dir='ltr'><strong>remeabo</strong></span> <span class='ocrx_word' id='word_1_77' title='bbox 783 796 972 845; x_wconf 85' lang='lat' dir='ltr'><strong>inglorius</strong></span> <span class='ocrx_word' id='word_1_78' title='bbox 993 796 1147 833; x_wconf 82' lang='lat' dir='ltr'><strong>urbes.&#39;&#39;</strong></span> <span class='ocrx_word' id='word_1_79' title='bbox 1235 809 1314 833; x_wconf 79' lang='lat' dir='ltr'><strong>MPR</strong></span> 
     </span>
     <span class='ocr_line' id='line_1_13' title="bbox 190 861 1099 910; baseline 0 -13"><span class='ocrx_word' id='word_1_80' title='bbox 190 861 330 898; x_wconf 83' lang='lat' dir='ltr'><strong>Audiit</strong></span> <span class='ocrx_word' id='word_1_81' title='bbox 350 867 392 898; x_wconf 87' lang='lat' dir='ltr'><strong>et</strong></span> <span class='ocrx_word' id='word_1_82' title='bbox 411 864 490 898; x_wconf 89' lang='lat' dir='ltr'><strong>voti</strong></span> <span class='ocrx_word' id='word_1_83' title='bbox 513 861 694 898; x_wconf 90' lang='lat' dir='ltr'><strong>Phoebus</strong></span> <span class='ocrx_word' id='word_1_84' title='bbox 713 861 925 898; x_wconf 81' lang='lat' dir='ltr'><strong>succedere</strong></span> <span class='ocrx_word' id='word_1_85' title='bbox 946 866 1099 910; x_wconf 90' lang='lat' dir='ltr'><strong>partem</strong></span> 
     </span>
    </p>

    <p class='ocr_par' dir='ltr' id='par_1_11' title="bbox 137 925 1313 975">
     <span class='ocr_line' id='line_1_14' title="bbox 137 925 1313 975; baseline 0 -13"><span class='ocrx_word' id='word_1_86' title='bbox 137 931 273 963; x_wconf 90' lang='lat' dir='ltr'><strong>mente</strong></span> <span class='ocrx_word' id='word_1_87' title='bbox 293 925 419 971; x_wconf 85' lang='lat' dir='ltr'><strong>dedit,</strong></span> <span class='ocrx_word' id='word_1_88' title='bbox 439 931 594 975; x_wconf 81' lang='lat' dir='ltr'><strong>partem</strong></span> <span class='ocrx_word' id='word_1_89' title='bbox 617 926 781 962; x_wconf 79' lang='lat' dir='ltr'><strong>volucris</strong></span> <span class='ocrx_word' id='word_1_90' title='bbox 801 925 987 975; x_wconf 80' lang='lat' dir='ltr'><strong>dispersit</strong></span> <span class='ocrx_word' id='word_1_91' title='bbox 1006 928 1046 961; x_wconf 90' lang='lat' dir='ltr'><strong>in</strong></span> <span class='ocrx_word' id='word_1_92' title='bbox 1066 939 1200 964; x_wconf 87' lang='lat' dir='ltr'><strong>auras:</strong></span> <span class='ocrx_word' id='word_1_93' title='bbox 1240 929 1313 969; x_wconf 82' lang='lat'><strong>795</strong></span> 
     </span>
    </p>

    <p class='ocr_par' dir='ltr' id='par_1_12' title="bbox 137 990 1151 1036">
     <span class='ocr_line' id='line_1_15' title="bbox 137 990 1151 1036; baseline 0 -10"><span class='ocrx_word' id='word_1_94' title='bbox 137 995 336 1026; x_wconf 81' lang='lat' dir='ltr'><strong>sterneret</strong></span> <span class='ocrx_word' id='word_1_95' title='bbox 355 995 400 1026; x_wconf 88' lang='lat' dir='ltr'><strong>ut</strong></span> <span class='ocrx_word' id='word_1_96' title='bbox 419 991 548 1027; x_wconf 88' lang='lat' dir='ltr'><strong>subita</strong></span> <span class='ocrx_word' id='word_1_97' title='bbox 568 991 766 1027; x_wconf 82' lang='lat' dir='ltr'><strong>turbatam</strong></span> <span class='ocrx_word' id='word_1_98' title='bbox 786 995 913 1026; x_wconf 90' lang='lat' dir='ltr'><strong>morte</strong></span> <span class='ocrx_word' id='word_1_99' title='bbox 935 990 1151 1036; x_wconf 80' lang='lat' dir='ltr'><strong>Camillam,</strong></span> 
     </span>
    </p>

    <p class='ocr_par' dir='ltr' id='par_1_13' title="bbox 137 1054 1155 1103">
     <span class='ocr_line' id='line_1_16' title="bbox 137 1054 1155 1103; baseline 0.001 -13"><span class='ocrx_word' id='word_1_100' title='bbox 137 1055 277 1091; x_wconf 82' lang='lat' dir='ltr'><strong>adnuit</strong></span> <span class='ocrx_word' id='word_1_101' title='bbox 296 1057 448 1099; x_wconf 81' lang='lat' dir='ltr'><strong>oranti3</strong></span> <span class='ocrx_word' id='word_1_102' title='bbox 476 1055 662 1091; x_wconf 86' lang='lat' dir='ltr'><strong>reducem</strong></span> <span class='ocrx_word' id='word_1_103' title='bbox 683 1059 727 1091; x_wconf 92' lang='lat' dir='ltr'><strong>ut</strong></span> <span class='ocrx_word' id='word_1_104' title='bbox 746 1057 872 1103; x_wconf 87' lang='lat' dir='ltr'><strong>patria</strong></span> <span class='ocrx_word' id='word_1_105' title='bbox 891 1054 970 1091; x_wconf 89' lang='lat' dir='ltr'><strong>alta</strong></span> <span class='ocrx_word' id='word_1_106' title='bbox 990 1054 1155 1100; x_wconf 88' lang='lat' dir='ltr'><strong>videret,</strong></span> 
     </span>
    </p>

    <p class='ocr_par' dir='ltr' id='par_1_14' title="bbox 139 1119 1207 1169">
     <span class='ocr_line' id='line_1_17' title="bbox 139 1119 1207 1169; baseline 0 -13"><span class='ocrx_word' id='word_1_107' title='bbox 139 1132 217 1156; x_wconf 88' lang='lat' dir='ltr'><strong>non</strong></span> <span class='ocrx_word' id='word_1_108' title='bbox 237 1119 364 1165; x_wconf 85' lang='lat' dir='ltr'><strong>dedit,</strong></span> <span class='ocrx_word' id='word_1_109' title='bbox 384 1121 504 1169; x_wconf 88' lang='lat' dir='ltr'><strong>inque</strong></span> <span class='ocrx_word' id='word_1_110' title='bbox 526 1119 651 1156; x_wconf 86' lang='lat' dir='ltr'><strong>Notos</strong></span> <span class='ocrx_word' id='word_1_111' title='bbox 670 1132 807 1155; x_wconf 85' lang='lat' dir='ltr'><strong>vocem</strong></span> <span class='ocrx_word' id='word_1_112' title='bbox 824 1124 978 1156; x_wconf 89' lang='lat' dir='ltr'><strong>vertere</strong></span> <span class='ocrx_word' id='word_1_113' title='bbox 998 1119 1207 1169; x_wconf 87' lang='lat' dir='ltr'><strong>procellae.</strong></span> 
     </span>
    </p>

    <p class='ocr_par' dir='ltr' id='par_1_15' title="bbox 139 1183 1225 1234">
     <span class='ocr_line' id='line_1_18' title="bbox 139 1183 1225 1234; baseline 0 -14"><span class='ocrx_word' id='word_1_114' title='bbox 139 1197 233 1233; x_wconf 90' lang='lat' dir='ltr'><strong>ergo</strong></span> <span class='ocrx_word' id='word_1_115' title='bbox 247 1184 312 1220; x_wconf 89' lang='lat' dir='ltr'><strong>ubi</strong></span> <span class='ocrx_word' id='word_1_116' title='bbox 325 1186 440 1220; x_wconf 88' lang='lat' dir='ltr'><strong>missa</strong></span> <span class='ocrx_word' id='word_1_117' title='bbox 452 1197 570 1220; x_wconf 85' lang='lat' dir='ltr'><strong>manu</strong></span> <span class='ocrx_word' id='word_1_118' title='bbox 584 1186 755 1220; x_wconf 80' lang='lat' dir='ltr'><strong>sonitum</strong></span> <span class='ocrx_word' id='word_1_119' title='bbox 769 1183 882 1220; x_wconf 84' lang='lat' dir='ltr'><strong>dedit</strong></span> <span class='ocrx_word' id='word_1_120' title='bbox 894 1183 1005 1221; x_wconf 84' lang='lat' dir='ltr'><strong>hasta</strong></span> <span class='ocrx_word' id='word_1_121' title='bbox 1018 1196 1088 1234; x_wconf 90' lang='lat' dir='ltr'><strong>per</strong></span> <span class='ocrx_word' id='word_1_122' title='bbox 1100 1197 1225 1230; x_wconf 86' lang='lat' dir='ltr'><strong>auras,</strong></span> 
     </span>
    </p>

    <p class='ocr_par' dir='ltr' id='par_1_16' title="bbox 138 1247 1315 1298">
     <span class='ocr_line' id='line_1_19' title="bbox 138 1247 1315 1298; baseline 0.002 -14"><span class='ocrx_word' id='word_1_123' title='bbox 138 1253 369 1285; x_wconf 86' lang='lat' dir='ltr'><strong>convertere</strong></span> <span class='ocrx_word' id='word_1_124' title='bbox 390 1250 539 1285; x_wconf 90' lang='lat' dir='ltr'><strong>animos</strong></span> <span class='ocrx_word' id='word_1_125' title='bbox 557 1250 655 1285; x_wconf 85' lang='lat' dir='ltr'><strong>acris</strong></span> <span class='ocrx_word' id='word_1_126' title='bbox 675 1247 886 1298; x_wconf 86' lang='lat' dir='ltr'><strong>oculosque</strong></span> <span class='ocrx_word' id='word_1_127' title='bbox 906 1248 1035 1286; x_wconf 87' lang='lat' dir='ltr'><strong>tulere</strong></span> <span class='ocrx_word' id='word_1_128' title='bbox 1241 1253 1315 1286; x_wconf 87' lang='lat'><strong>800</strong></span> 
     </span>
    </p>

    <p class='ocr_par' dir='ltr' id='par_1_17' title="bbox 139 1312 1190 1362">
     <span class='ocr_line' id='line_1_20' title="bbox 139 1312 1190 1362; baseline 0.001 -13"><span class='ocrx_word' id='word_1_129' title='bbox 139 1315 272 1349; x_wconf 88' lang='lat' dir='ltr'><strong>cuncti</strong></span> <span class='ocrx_word' id='word_1_130' title='bbox 291 1312 342 1349; x_wconf 88' lang='lat' dir='ltr'><strong>ad</strong></span> <span class='ocrx_word' id='word_1_131' title='bbox 362 1315 539 1362; x_wconf 82' lang='lat' dir='ltr'><strong>reginam</strong></span> <span class='ocrx_word' id='word_1_132' title='bbox 560 1313 700 1349; x_wconf 83' lang='lat' dir='ltr'><strong>Volsci.</strong></span> <span class='ocrx_word' id='word_1_133' title='bbox 757 1312 857 1348; x_wconf 89' lang='lat' dir='ltr'><strong>nihil</strong></span> <span class='ocrx_word' id='word_1_134' title='bbox 878 1315 960 1362; x_wconf 90' lang='lat' dir='ltr'><strong>ipsa</strong></span> <span class='ocrx_word' id='word_1_135' title='bbox 980 1326 1054 1350; x_wconf 86' lang='lat' dir='ltr'><strong>nec</strong></span> <span class='ocrx_word' id='word_1_136' title='bbox 1073 1326 1190 1351; x_wconf 87' lang='lat' dir='ltr'><strong>aurae</strong></span> 
     </span>
    </p>

    <p class='ocr_par' dir='ltr' id='par_1_18' title="bbox 139 1377 1212 1425">
     <span class='ocr_line' id='line_1_21' title="bbox 139 1377 1212 1425; baseline 0.002 -12"><span class='ocrx_word' id='word_1_137' title='bbox 139 1390 213 1413; x_wconf 89' lang='lat' dir='ltr'><strong>nec</strong></span> <span class='ocrx_word' id='word_1_138' title='bbox 233 1380 384 1414; x_wconf 88' lang='lat' dir='ltr'><strong>sonitus</strong></span> <span class='ocrx_word' id='word_1_139' title='bbox 404 1390 554 1414; x_wconf 91' lang='lat' dir='ltr'><strong>memor</strong></span> <span class='ocrx_word' id='word_1_140' title='bbox 571 1383 641 1414; x_wconf 85' lang='lat' dir='ltr'><strong>aut</strong></span> <span class='ocrx_word' id='word_1_141' title='bbox 661 1379 856 1414; x_wconf 86' lang='lat' dir='ltr'><strong>venientis</strong></span> <span class='ocrx_word' id='word_1_142' title='bbox 876 1378 926 1414; x_wconf 86' lang='lat' dir='ltr'><strong>ab</strong></span> <span class='ocrx_word' id='word_1_143' title='bbox 944 1377 1107 1415; x_wconf 85' lang='lat' dir='ltr'><strong>aethere</strong></span> <span class='ocrx_word' id='word_1_144' title='bbox 1127 1378 1212 1425; x_wconf 89' lang='lat' dir='ltr'><strong>teli,</strong></span> 
     </span>
    </p>

    <p class='ocr_par' dir='ltr' id='par_1_19' title="bbox 140 1442 1082 1493">
     <span class='ocr_line' id='line_1_22' title="bbox 140 1442 1082 1493; baseline 0.002 -15"><span class='ocrx_word' id='word_1_145' title='bbox 140 1442 251 1479; x_wconf 88' lang='lat' dir='ltr'><strong>hasta</strong></span> <span class='ocrx_word' id='word_1_146' title='bbox 271 1443 343 1479; x_wconf 87' lang='lat' dir='ltr'><strong>sub</strong></span> <span class='ocrx_word' id='word_1_147' title='bbox 364 1448 560 1480; x_wconf 79' lang='lat' dir='ltr'><strong>exsertam</strong></span> <span class='ocrx_word' id='word_1_148' title='bbox 581 1442 708 1479; x_wconf 90' lang='lat' dir='ltr'><strong>donec</strong></span> <span class='ocrx_word' id='word_1_149' title='bbox 727 1443 878 1492; x_wconf 89' lang='lat' dir='ltr'><strong>perlata</strong></span> <span class='ocrx_word' id='word_1_150' title='bbox 896 1443 1082 1493; x_wconf 86' lang='lat' dir='ltr'><strong>papillam</strong></span> 
     </span>
    </p>

    <p class='ocr_par' dir='ltr' id='par_1_20' title="bbox 140 1507 1139 1557">
     <span class='ocr_line' id='line_1_23' title="bbox 140 1507 1139 1557; baseline 0.002 -14"><span class='ocrx_word' id='word_1_151' title='bbox 140 1507 281 1554; x_wconf 86' lang='lat' dir='ltr'><strong>haesit,</strong></span> <span class='ocrx_word' id='word_1_152' title='bbox 300 1509 601 1557; x_wconf 88' lang='lat' dir='ltr'><strong>virgineumque</strong></span> <span class='ocrx_word' id='word_1_153' title='bbox 621 1507 701 1544; x_wconf 87' lang='lat' dir='ltr'><strong>alte</strong></span> <span class='ocrx_word' id='word_1_154' title='bbox 721 1507 823 1544; x_wconf 87' lang='lat' dir='ltr'><strong>bibit</strong></span> <span class='ocrx_word' id='word_1_155' title='bbox 842 1512 930 1544; x_wconf 86' lang='lat' dir='ltr'><strong>acta</strong></span> <span class='ocrx_word' id='word_1_156' title='bbox 950 1520 1139 1546; x_wconf 86' lang='lat' dir='ltr'><strong>eruorem.</strong></span> 
     </span>
    </p>

    <p class='ocr_par' dir='ltr' id='par_1_21' title="bbox 140 1572 1237 1623">
     <span class='ocr_line' id='line_1_24' title="bbox 140 1572 1237 1623; baseline 0.001 -14"><span class='ocrx_word' id='word_1_157' title='bbox 140 1577 379 1609; x_wconf 88' lang='lat' dir='ltr'><strong>concurrunt</strong></span> <span class='ocrx_word' id='word_1_158' title='bbox 391 1572 571 1621; x_wconf 86' lang='lat' dir='ltr'><strong>trepidae</strong></span> <span class='ocrx_word' id='word_1_159' title='bbox 584 1574 747 1609; x_wconf 84' lang='lat' dir='ltr'><strong>comites</strong></span> <span class='ocrx_word' id='word_1_160' title='bbox 763 1572 1042 1623; x_wconf 87' lang='lat' dir='ltr'><strong>dominamque</strong></span> <span class='ocrx_word' id='word_1_161' title='bbox 1054 1578 1237 1610; x_wconf 90' lang='lat' dir='ltr'><strong>ruentem</strong></span> 
     </span>
    </p>

    <p class='ocr_par' dir='ltr' id='par_1_22' title="bbox 141 1636 1315 1686">
     <span class='ocr_line' id='line_1_25' title="bbox 141 1636 1315 1686; baseline 0.002 -14"><span class='ocrx_word' id='word_1_162' title='bbox 141 1639 369 1686; x_wconf 89' lang='lat' dir='ltr'><strong>suscipiunt.</strong></span> <span class='ocrx_word' id='word_1_163' title='bbox 428 1636 532 1686; x_wconf 88' lang='lat' dir='ltr'><strong>fugit</strong></span> <span class='ocrx_word' id='word_1_164' title='bbox 550 1641 644 1673; x_wconf 89' lang='lat' dir='ltr'><strong>ante</strong></span> <span class='ocrx_word' id='word_1_165' title='bbox 664 1639 791 1673; x_wconf 91' lang='lat' dir='ltr'><strong>omnis</strong></span> <span class='ocrx_word' id='word_1_166' title='bbox 811 1639 1023 1674; x_wconf 83' lang='lat' dir='ltr'><strong>exterritus</strong></span> <span class='ocrx_word' id='word_1_167' title='bbox 1042 1637 1208 1684; x_wconf 86' lang='lat' dir='ltr'><strong>Arruns,</strong></span> <span class='ocrx_word' id='word_1_168' title='bbox 1241 1636 1315 1675; x_wconf 88' lang='lat'><strong>806</strong></span> 
     </span>
    </p>

    <p class='ocr_par' dir='ltr' id='par_1_23' title="bbox 139 1701 1191 1751">
     <span class='ocr_line' id='line_1_26' title="bbox 139 1701 1191 1751; baseline 0.003 -14"><span class='ocrx_word' id='word_1_169' title='bbox 139 1701 292 1738; x_wconf 87' lang='lat' dir='ltr'><strong>laetitia</strong></span> <span class='ocrx_word' id='word_1_170' title='bbox 311 1703 514 1750; x_wconf 86' lang='lat' dir='ltr'><strong>mixtoque</strong></span> <span class='ocrx_word' id='word_1_171' title='bbox 533 1706 657 1746; x_wconf 88' lang='lat' dir='ltr'><strong>metu,</strong></span> <span class='ocrx_word' id='word_1_172' title='bbox 677 1714 752 1738; x_wconf 90' lang='lat' dir='ltr'><strong>nec</strong></span> <span class='ocrx_word' id='word_1_173' title='bbox 771 1703 847 1737; x_wconf 90' lang='lat' dir='ltr'><strong>iam</strong></span> <span class='ocrx_word' id='word_1_174' title='bbox 868 1701 1035 1751; x_wconf 89' lang='lat' dir='ltr'><strong>amplius</strong></span> <span class='ocrx_word' id='word_1_175' title='bbox 1053 1701 1191 1740; x_wconf 83' lang='lat' dir='ltr'><strong>hastae</strong></span> 
     </span>
    </p>

    <p class='ocr_par' dir='ltr' id='par_1_24' title="bbox 141 1765 1060 1814">
     <span class='ocr_line' id='line_1_27' title="bbox 141 1765 1060 1814; baseline 0.001 -12"><span class='ocrx_word' id='word_1_176' title='bbox 141 1765 303 1802; x_wconf 89' lang='lat' dir='ltr'><strong>credere</strong></span> <span class='ocrx_word' id='word_1_177' title='bbox 323 1778 397 1802; x_wconf 89' lang='lat' dir='ltr'><strong>nec</strong></span> <span class='ocrx_word' id='word_1_178' title='bbox 417 1765 506 1802; x_wconf 89' lang='lat' dir='ltr'><strong>telis</strong></span> <span class='ocrx_word' id='word_1_179' title='bbox 525 1777 728 1802; x_wconf 87' lang='lat' dir='ltr'><strong>occurrere</strong></span> <span class='ocrx_word' id='word_1_180' title='bbox 750 1767 909 1814; x_wconf 83' lang='lat' dir='ltr'><strong>virginis</strong></span> <span class='ocrx_word' id='word_1_181' title='bbox 928 1765 1060 1803; x_wconf 89' lang='lat' dir='ltr'><strong>audet.</strong></span> 
     </span>
    </p>

    <p class='ocr_par' dir='ltr' id='par_1_25' title="bbox 141 1828 1203 1880">
     <span class='ocr_line' id='line_1_28' title="bbox 141 1828 1203 1880; baseline 0 -14"><span class='ocrx_word' id='word_1_182' title='bbox 141 1843 185 1866; x_wconf 91' lang='lat' dir='ltr'><strong>ac</strong></span> <span class='ocrx_word' id='word_1_183' title='bbox 204 1828 314 1866; x_wconf 88' lang='lat' dir='ltr'><strong>velut</strong></span> <span class='ocrx_word' id='word_1_184' title='bbox 333 1829 413 1874; x_wconf 89' lang='lat' dir='ltr'><strong>ille,</strong></span> <span class='ocrx_word' id='word_1_185' title='bbox 433 1831 539 1879; x_wconf 92' lang='lat' dir='ltr'><strong>prius</strong></span> <span class='ocrx_word' id='word_1_186' title='bbox 560 1842 676 1879; x_wconf 88' lang='lat' dir='ltr'><strong>quam</strong></span> <span class='ocrx_word' id='word_1_187' title='bbox 696 1829 777 1866; x_wconf 87' lang='lat' dir='ltr'><strong>tela</strong></span> <span class='ocrx_word' id='word_1_188' title='bbox 796 1832 954 1866; x_wconf 84' lang='lat' dir='ltr'><strong>inimica</strong></span> <span class='ocrx_word' id='word_1_189' title='bbox 973 1834 1203 1880; x_wconf 80' lang='lat' dir='ltr'><strong>sequantur,</strong></span> 
     </span>
    </p>
   </div>
   <div class='ocr_carea' id='block_1_4' title="bbox 290 1931 1136 2014">
    <p class='ocr_par' dir='ltr' id='par_1_26' title="bbox 290 1931 1136 2014">
     <span class='ocr_line' id='line_1_29' title="bbox 290 1931 1105 1972; baseline 0.001 -11"><span class='ocrx_word' id='word_1_190' title='bbox 290 1931 334 1950; x_wconf 80' lang='lat'><strong>⁷⁸⁶</strong></span> <span class='ocrx_word' id='word_1_191' title='bbox 358 1931 476 1972; x_wconf 82' lang='lat' dir='ltr'><strong>primis</strong></span> <span class='ocrx_word' id='word_1_192' title='bbox 494 1933 528 1962; x_wconf 78' lang='lat' dir='ltr'><strong>P.</strong></span> <span class='ocrx_word' id='word_1_193' title='bbox 728 1932 772 1951; x_wconf 83' lang='lat'><strong>⁷⁹⁴</strong></span> <span class='ocrx_word' id='word_1_194' title='bbox 797 1932 885 1962; x_wconf 76' lang='lat' dir='ltr'><strong>votis</strong></span> <span class='ocrx_word' id='word_1_195' title='bbox 903 1931 1105 1963; x_wconf 60' lang='lat' dir='ltr'><strong>Macrobiug.</strong></span> 
     </span>
     <span class='ocr_line' id='line_1_30' title="bbox 291 1974 1136 2014; baseline 0.005 -9"><span class='ocrx_word' id='word_1_196' title='bbox 291 1974 335 1993; x_wconf 79' lang='lat'><strong>⁷⁹⁹</strong></span> <span class='ocrx_word' id='word_1_197' title='bbox 358 1974 431 2014; x_wconf 90' lang='lat' dir='ltr'><strong>ubi]</strong></span> <span class='ocrx_word' id='word_1_198' title='bbox 447 1978 487 2006; x_wconf 82' lang='lat' dir='ltr'><strong>ut</strong></span> <span class='ocrx_word' id='word_1_199' title='bbox 503 1974 624 2008; x_wconf 75' lang='lat' dir='ltr'><strong>,11²PR.</strong></span> <span class='ocrx_word' id='word_1_200' title='bbox 726 1974 769 1994; x_wconf 75' lang='lat'><strong>⁸⁰¹</strong></span> <span class='ocrx_word' id='word_1_201' title='bbox 793 1985 893 2006; x_wconf 85' lang='lat' dir='ltr'><strong>auras</strong></span> <span class='ocrx_word' id='word_1_202' title='bbox 910 1975 972 2014; x_wconf 76' lang='lat' dir='ltr'><strong>bc2,</strong></span> <span class='ocrx_word' id='word_1_203' title='bbox 990 1975 1136 2009; x_wconf 69' lang='lat' dir='ltr'><strong>Sem-iun.</strong></span> 
     </span>
    </p>
   </div>
   <div class='ocr_carea' id='block_1_5' title="bbox 143 2023 218 2056">
    <p class='ocr_par' dir='ltr' id='par_1_27' title="bbox 143 2023 218 2056">
     <span class='ocr_line' id='line_1_31' title="bbox 143 2023 218 2056; baseline 0.027 -2"><span class='ocrx_word' id='word_1_204' title='bbox 143 2023 218 2056; x_wconf 73' lang='lat'><strong>288</strong></span> 
     </span>
    </p>
   </div>
  </div>
 </body>
</html>
