1399 2271
619 79 810 116 VIRGIL

126 167 316 216 impediat
335 170 517 217 segnisve
537 174 647 206 metu
668 171 867 206 sententia
888 170 1030 206 tardet.

124 229 276 263 interea
294 230 416 264 socios
436 227 718 278 inhumataque
739 241 899 277 corpora
917 234 1045 266 terrae

124 285 370 333 mandemus,
382 289 449 337 qui
461 287 565 324 solus
578 287 701 324 honos
715 287 942 325 Acheronte
956 288 1028 324 sub
1040 290 1118 324 imo
1131 293 1202 324 est.

124 345 219 391 ite‚'’
238 348 306 390 ait,
329 349 545 396 “egregias
564 349 727 392 animas,
747 360 847 396 quae
867 349 1059 396 sanguine
1079 347 1191 383 nobis

125 403 225 440 hanc
245 407 410 454 patriam
430 418 621 454 peperere
634 418 717 451 suo,
736 405 920 443 decorate
940 408 1131 455 supremis
1249 409 1297 441 25

124 464 352 501 muneribus
367 470 636 514 maestamque
653 464 826 501 Euandri
842 467 989 514 primus
1004 464 1053 501 ad
1067 465 1204 501 urbem

123 525 306 560 mittatur
327 523 466 570 Pallas,
486 537 604 574 quem
624 537 704 560 non
725 527 881 561 virtutis
901 529 1089 574 egentem

124 582 287 619 abstulit
305 587 388 619 atra
408 582 492 619 dies
512 588 554 619 et
574 582 713 620 funere
733 586 870 620 mersit
890 583 1067 620 acerbo.'’

177 641 240 678 Sic
252 644 307 679 ait
320 642 568 679 inlacrimans
581 646 800 693 recipitque
813 643 861 679 ad
875 643 1009 679 limina
1021 655 1213 691 gressum,

123 713 262 750 corpus
283 701 348 737 ubi
369 703 539 738 exanimi
558 704 730 751 positum
753 701 939 738 Pallantis
959 702 1130 738 Acoetes
1250 704 1298 738 30

123 760 302 797 servabat
322 763 463 806 senior,
485 763 551 810 qui
574 760 777 797 Parrhasio
797 760 982 797 Euandro

122 821 292 869 armiger
310 825 403 857 ante
424 819 511 865 suit,
532 819 600 856 sed
622 833 701 856 non
722 819 901 857 felicibus
920 832 1046 869 aeque

123 884 208 915 tum
228 892 358 916 comes
378 882 558 928 auspiciis
579 892 666 916 caro
686 879 802 916 datus
821 879 904 916 ibat
922 879 1091 915 alumno.

123 942 267 975 circum
281 941 406 975 omnis
419 937 688 988 famulumque
702 951 839 975 manus
851 938 1097 987 Troianaque
1111 937 1226 974 turba

123 1003 165 1034 et
182 1003 377 1035 maestum
398 997 542 1034 Iliades
561 1000 708 1034 crinem
729 997 778 1034 de
800 1010 909 1035 more
928 997 1091 1034 solutae.
1249 1000 1296 1033 35

122 1061 167 1093 ut
186 1069 278 1093 vero
298 1057 455 1094 Aeneas
474 1056 622 1093 foribus
641 1069 727 1093 sese
748 1056 885 1094 intulit
903 1056 1004 1101 altis,

123 1119 330 1166 ingentem
351 1118 544 1165 gemitum
564 1118 691 1153 tunsis
710 1115 760 1152 ad
780 1115 907 1152 sidera
927 1115 1075 1152 tollunt

123 1175 348 1225 pectoribus
366 1181 597 1225 maestoque
617 1177 801 1224 immugit
820 1177 929 1223 regia
947 1174 1067 1211 luctu.

122 1238 206 1284 ipse
226 1239 345 1284 caput
364 1237 468 1271 nivei
487 1233 633 1270 fultum
656 1233 842 1270 Pallantis
863 1239 903 1270 et
921 1246 988 1270 ora

123 1299 167 1331 ut
186 1293 286 1331 vidit
305 1293 461 1343 levique
482 1298 622 1342 patens
643 1294 681 1329 in
703 1298 864 1342 pectore
886 1292 1023 1329 volnus
1250 1296 1298 1329 40

123 1353 293 1403 cuspidis
315 1352 526 1398 Ausoniae,
546 1351 715 1389 lacrimis
734 1355 788 1389 ita
808 1351 913 1389 fatur
933 1351 1101 1388 obortis:

122 1417 147 1434 “
159 1412 291 1457 tene‚''
306 1414 448 1462 inquit,
462 1415 485 1432 “
498 1411 720 1449 miserande
734 1424 843 1460 puer,
857 1424 946 1447 cum
957 1410 1063 1447 laeta
1076 1413 1241 1457 veniret,

122 1470 264 1508 invidit
284 1470 457 1507 Fortuna
476 1470 587 1516 mihi,
605 1483 656 1507 ne
677 1483 799 1519 regna
818 1469 972 1507 videres

123 1534 256 1567 nostra
274 1542 406 1579 neque
425 1529 474 1565 ad
494 1528 609 1566 sedes
629 1531 753 1566 victor
774 1529 962 1566 veherere
982 1530 1192 1578 paternas?

123 1602 201 1626 non
221 1588 319 1626 haec
340 1588 525 1625 Euandro
544 1587 594 1625 de
615 1593 656 1625 te
672 1590 860 1637 promissa
879 1590 1034 1638 parenti
1248 1592 1296 1625 45

122 1647 330 1685 discedens
349 1647 550 1693 dederam,
571 1661 660 1684 cum
680 1660 744 1684 me
764 1647 991 1696 complexus
1012 1652 1175 1684 euntem

121 1710 302 1745 mitteret
314 1709 353 1743 in
367 1720 555 1756 magnum
570 1709 779 1756 imperium
791 1711 1053 1756 metuensque
1066 1712 1246 1743 moneret

122 1768 218 1802 acris
239 1778 323 1802 esse
345 1768 457 1811 viros,
477 1778 567 1802 cum
586 1765 684 1802 dura
703 1765 851 1814 proelia
870 1770 1002 1815 gente.

122 1831 164 1863 et
183 1838 288 1861 nunc
308 1824 374 1861 ille
394 1824 555 1875 quidem
575 1837 643 1874 spe
664 1824 833 1861 multum
854 1829 990 1874 captus
1010 1826 1116 1861 inani

123 1885 201 1921 fors
220 1889 263 1921 et
282 1889 372 1921 vota
392 1883 486 1921 facit
507 1883 760 1934 cumulatque
781 1883 917 1921 altaria
937 1883 1074 1928 donis;
1248 1889 1297 1921 50

229 1954 255 1972 ‘³¹
282 1963 336 1984 -ve
352 1952 455 1985 M1R:
480 1963 558 1994 -que
574 1953 688 1993 2212127.
802 1953 829 1972 ²³
852 1956 905 1984 est
921 1952 1056 1985 omitted
1071 1953 1106 1984 in
1121 1954 1189 1985 PR.

233 1997 257 2015 ²¹
282 1996 340 2037 qui
358 1995 562 2027 Macrobius.
807 1998 832 2015 ²³
863 2010 891 2023 τ-
912 2005 956 2027 Vl.
977 1996 1039 2027 429

126 2041 201 2077 230¹
