1399 2271
540 409 768 457 LIBER
826 409 941 456 XII

150 557 311 595 Tumens
330 563 375 596 ut
393 558 579 596 infractos
598 559 761 596 adverso
781 559 911 597 Marte
932 559 1092 596 Latinos
1246 572 1325 598 upa

149 619 341 658 defecisse
361 621 481 667 videt,
502 634 571 658 sua
590 635 696 658 nunc
716 624 904 671 promissa
923 624 1088 671 reposci,

149 695 190 718 se
209 684 354 731 signari
373 683 507 728 oculis,
526 683 630 720 ultro
649 683 905 733 implacabilis
924 683 1040 721 ardet

148 743 374 793 attollitque
393 746 553 780 animos.
612 744 831 782 Poenorum
852 744 975 794 qualis
995 747 1035 781 in
1055 745 1165 791 arvis!

148 808 299 842 saucius
320 805 386 842 ille
407 808 515 855 gravi
534 811 751 843 venantum
770 806 930 843 volnere
949 812 1102 856 pectus,
1303 811 1324 844 5

148 872 233 904 tum
248 867 409 904 demum
423 873 557 905 movet
572 881 678 905 arma
693 868 768 913 leo,
784 868 1012 918 gaudetque
1028 871 1220 905 comantis

148 931 352 966 excutiens
372 932 523 966 cervice
544 935 649 966 toros
669 930 867 980 fixumque
887 930 1048 966 latronis

147 991 365 1040 impavidus
384 990 533 1040 frangit
552 991 678 1028 telum
700 996 741 1028 et
762 991 897 1028 fremit
916 1004 982 1028 ore
1002 997 1192 1028 cruento:

147 1052 252 1088 haud
271 1065 382 1089 secus
401 1066 566 1090 accenso
584 1052 716 1102 gliscit
735 1052 922 1090 violentia
941 1052 1084 1089 Turno.

148 1119 232 1150 tum
252 1116 306 1150 sic
325 1113 483 1151 adfatur
501 1127 637 1163 regern
656 1119 776 1164 atque
796 1117 851 1151 ita
871 1113 1052 1150 turbidus
1072 1113 1182 1151 infit:
1277 1118 1324 1151 10

148 1180 172 1197 “
184 1175 291 1212 nulla
303 1189 410 1212 mora
422 1178 462 1212 in
475 1176 609 1212 Turno
623 1189 632 1220 3
653 1175 751 1212 nihil
765 1181 837 1222 est,
851 1176 956 1226 quod
969 1176 1074 1213 dicta
1086 1181 1307 1213 retractent

147 1241 277 1287 ignavi
297 1237 522 1283 Aeneadae,
542 1251 616 1274 nec
637 1251 736 1287 quae
756 1240 946 1287 pepigere
966 1243 1174 1275 recusent:

147 1299 389 1349 congredior.
447 1299 506 1335 fer
525 1312 644 1344 sacra,
664 1304 790 1348 pater,
810 1304 852 1336 et
872 1301 1033 1348 concipe
1053 1298 1203 1336 foedus.

146 1367 213 1398 aut
233 1361 306 1397 hac
327 1360 570 1397 Dardanium
591 1361 730 1397 dextra
745 1361 817 1397 sub
836 1360 999 1397 Tartara
1017 1363 1188 1406 mittam,

146 1422 389 1460 desertorem
410 1422 540 1467 Asiae,
561 1421 746 1473 (sedeant
765 1427 1027 1472 spectentque
1051 1423 1198 1473 Latini)
1277 1427 1321 1460 15

147 1489 188 1521 et
206 1484 310 1520 solus
329 1483 433 1521 ferro
453 1486 601 1520 crimen
621 1497 829 1520 commune
849 1483 1042 1529 refellam,

145 1551 214 1582 aut
232 1545 378 1582 habeat
397 1548 532 1591 victos,
552 1545 669 1582 cedat
688 1545 851 1582 Lavinia
870 1544 1080 1583 coniunx.''

200 1607 281 1644 Olli
300 1607 437 1644 sedato
456 1607 661 1657 respondit
681 1607 798 1644 corde
819 1607 984 1644 Latinus
1001 1620 1010 1644 :

147 1673 171 1692 “
183 1683 205 1706 o
224 1675 426 1719 praestans
445 1671 565 1706 animi
583 1671 749 1715 iuvenis,
768 1674 961 1719 quantum
979 1671 1064 1718 ipse
1083 1667 1204 1705 feroci

146 1733 292 1768 virtute
305 1744 527 1780 exsuperas,
543 1735 656 1768 tanto
670 1744 734 1768 me
747 1732 963 1781 impensius
975 1743 1144 1780 aequum
1157 1735 1219 1768 est
1273 1734 1322 1768 20

146 1791 349 1829 consulere
363 1797 482 1842 atque
494 1794 620 1828 omnis
631 1796 881 1828 metuentem
895 1791 1120 1840 expendere
1133 1804 1253 1829 casus.

146 1859 240 1892 sunt
257 1855 330 1891 tibi
350 1867 471 1903 regna
490 1856 611 1903 patris
632 1852 776 1898 Dauni,
797 1858 889 1890 sunt
909 1853 1052 1902 oppida
1072 1858 1186 1903 capta

558 1962 586 1981 ¹⁵
609 1962 737 1993 crimen
752 1961 844 1992 ferro
859 1962 917 1994 Ec.

149 2010 224 2048 298
