1399 2271
615 44 803 80 VIRGIL

122 131 364 179 praecedunt
383 143 640 179 gressumque
659 142 775 167 canes
794 132 1033 166 comitantur
1052 127 1199 164 erilem.

122 189 285 238 hospitis
305 189 466 225 Aeneae
485 189 622 226 sedem
642 193 683 225 et
702 193 853 225 secreta
872 188 1036 237 petebat

121 260 343 284 sermonum
362 260 514 284 memor
533 252 575 284 et
592 250 771 296 promissi
786 249 960 283 muneris
979 246 1120 284 heros:

121 320 193 343 nee
213 309 341 343 minus
362 306 519 343 Aeneas
538 319 579 342 se
599 308 817 342 matutinus
835 305 1002 354 agebat:
1219 302 1293 340 465

121 365 220 402 filius
240 365 330 401 huic
352 364 489 410 Pallas,
510 364 566 400 illi
587 377 717 401 comes
736 365 819 401 ibat
838 363 1023 400 Achates.

120 426 318 473 congressi
337 426 509 472 iungunt
528 423 686 460 dextras
705 423 925 471 mediisque
945 422 1125 459 residunt

119 483 281 519 aedibus
301 487 343 519 et
362 482 470 518 licito
490 482 652 519 tandem
673 494 853 518 sermone
873 481 1068 518 fruuntur.

121 555 186 578 rex
206 544 310 590 prior
329 541 426 578 haec
442 554 449 577 ε

172 605 196 621 “
212 601 384 636 Maxime
396 599 636 636 Teucrorum
648 599 801 645 ductor,
814 613 891 649 quo
903 602 1049 649 sospite
1062 612 1276 649 numquam

120 672 181 696 res
201 658 385 708 equidem
405 658 544 694 Troiae
561 660 682 694 victas
701 663 770 694 aut
790 671 914 707 regna
932 658 1100 704 fatebor,
1219 660 1287 695 471

120 719 231 754 nobis
250 717 298 753 ad
319 717 413 753 belli
433 717 620 752 auxilium
640 729 710 765 pro
729 720 888 753 nomine
909 722 1022 753 tanto
1071 729 1073 734 ·

121 780 286 826 exiguae
306 779 428 813 vires:
458 775 550 811 hinc
570 775 698 811 Tusco
717 775 935 812 claudimur
953 778 1072 822 amni,

121 835 212 872 hinc
228 835 394 871 Rutulus
407 837 552 884 premit
566 840 607 871 et
619 847 774 871 murum
788 837 1049 872 circumsonat
1062 837 1187 872 armis.

121 895 190 931 sed
211 895 280 931 tibi
303 907 377 943 ego
395 896 570 944 ingentis
590 893 754 943 populos
773 894 1040 944 opulentaque
1059 897 1192 944 regnis
1220 896 1294 933 475

120 957 285 1003 iungere
305 959 430 990 castra
449 966 556 1002 paro,
575 966 692 1002 quam
713 952 790 989 fors
810 956 970 1002 inopina
988 953 1156 990 salutem

121 1018 306 1050 ostentat.
363 1012 454 1049 fatis
474 1012 550 1048 huc
570 1017 611 1048 te
631 1012 885 1060 poscentibus
904 1013 1045 1050 adfers.

121 1072 224 1108 haud
246 1071 379 1120 procul
401 1071 492 1107 hine
512 1084 604 1107 saxo
623 1071 807 1108 incolitur
826 1070 991 1108 fundata
1010 1077 1168 1109 vetusto

122 1132 226 1167 urbis
247 1130 456 1179 Agyllinae
476 1130 602 1175 sedes,
622 1131 689 1166 ubi
710 1129 836 1179 Lydia
855 1130 1053 1180 quondam

121 1203 231 1238 gens,
251 1189 355 1225 bello
375 1189 585 1238 praeclara,
604 1191 704 1238 iugis
725 1189 871 1226 insedit
891 1190 1075 1226 Etruscis.
1221 1195 1297 1227 480

123 1249 221 1284 hane
241 1248 385 1284 multos
406 1247 611 1284 florentem
631 1260 753 1283 annos
774 1260 841 1284 rex
862 1248 1008 1285 deinde
1024 1250 1193 1298 superbo

122 1309 285 1356 imperio
306 1312 347 1343 et
366 1309 490 1342 saevis
509 1309 641 1343 tenuit
664 1307 886 1343 Mezentius
905 1310 1032 1345 armis.

122 1366 213 1415 quid
232 1378 447 1401 memorem
462 1365 642 1402 infandas
658 1365 811 1411 caedes,
828 1367 922 1415 quid
938 1366 1041 1404 facta
1055 1371 1213 1417 tyranni

123 1425 265 1461 effera?
295 1424 334 1460 di
356 1426 472 1472 capiti
494 1427 614 1472 ipsius
633 1427 851 1474 generique
870 1427 1095 1463 reservent!

121 1488 274 1520 mortua
293 1485 388 1532 quin
410 1485 528 1519 etiam
549 1484 739 1531 iungebat
760 1496 921 1532 corpora
940 1487 1048 1530 vivis,
1222 1489 1296 1523 485

122 1554 361 1591 componens
380 1542 639 1591 manibusque
660 1555 797 1579 manus
817 1548 937 1592 atque
957 1544 1088 1580 oribus
1109 1557 1187 1590 ora,

121 1603 309 1638 tormenti
329 1613 468 1649 genus,
488 1605 529 1637 et
549 1603 656 1638 sanie
676 1602 848 1651 taboque
869 1602 1026 1639 fluentis

121 1659 326 1708 complexu
347 1661 387 1694 in
407 1661 550 1696 misero
569 1659 687 1708 longa
707 1662 760 1695 sic
780 1666 907 1697 morte
928 1662 1107 1700 necabat.

120 1723 162 1755 at
181 1717 272 1755 fessi
292 1718 454 1754 tandem
475 1720 578 1754 cives
598 1718 760 1754 infanda
780 1718 980 1756 furentem

121 1779 258 1814 armati
278 1779 572 1814 circumsistunt
591 1779 797 1826 ipsumque
817 1778 1071 1829 domumque,
1220 1785 1296 1822 490

377 1854 420 1872 ⁴⁶²
443 1854 635 1894 procedunt
651 1855 704 1885 ΡΙ.
773 1855 818 1874 ⁴⁷²
840 1856 979 1887 numine
996 1856 1050 1890 Pl.

376 1897 419 1915 4⁷⁴
444 1898 674 1928 circumtonat
689 1898 750 1929 111².

376 1938 419 1958 ¹⁷⁷
443 1939 540 1970 adfer
556 1939 671 1971 known
688 1945 719 1972 to
735 1940 879 1973 Servius.

122 1989 173 2027 92
