1399 2271
689 76 878 114 VIRGIL

250 163 333 199 Nec
349 162 525 199 Turnum
541 166 672 212 segnis
688 166 836 200 retinet
849 176 968 210 mora,
984 164 1053 201 sed
1069 167 1170 213 rapit
1184 178 1273 201 acor

198 221 320 252 totam
339 219 463 253 aciem
483 219 523 252 in
544 216 715 253 Teucros
735 222 778 253 et
797 222 932 254 contra
952 220 992 254 in
1012 217 1127 254 litore
1146 221 1260 256 sistit.

195 272 306 318 signa
325 274 483 306 canunt.
541 272 688 318 primus
706 275 854 306 turmas
874 273 1015 307 invasit
1034 274 1200 319 agrestis
1291 276 1366 309 310

196 323 364 368 Aeneas,
385 336 501 359 omen
521 336 691 372 pugnae,
711 326 927 373 stravitque
949 324 1122 370 Latinos,

195 379 321 413 occiso
339 376 535 423 Therone,
556 379 681 413 virum
701 379 767 426 qui
787 380 977 414 maximus
996 377 1100 414 ultro

196 431 359 467 Aenean
379 433 492 479 petit.
550 429 641 466 huie
660 430 792 479 gladio
811 443 959 480 perque
977 444 1092 467 aerea
1111 436 1212 478 suta,

195 497 264 533 per
275 486 449 520 tunicam
462 483 710 533 squalentem
723 497 815 520 auro
827 484 929 520 latus
941 483 1072 521 haurit
1083 490 1275 534 apertum.

194 538 285 574 inde
304 537 451 574 Lichan
467 537 572 582 ferit,
588 543 789 574 exsectum
804 540 879 574 iam
895 543 1021 574 matre
1036 544 1242 588 perempta
1289 543 1362 576 315

194 597 235 628 et
253 593 338 637 tibi,
361 591 532 636 Phoebe,
552 604 715 636 sacrum,
736 604 845 628 casus
864 591 1031 628 evadere
1050 591 1143 628 ferri

193 645 296 694 quod
317 645 428 681 licuit
446 657 574 693 parvo.
631 657 706 681 nec
725 644 857 693 longe,
878 645 1009 681 Cissea
1027 644 1168 681 durum

193 702 483 747 immanemque
505 698 633 747 Gyan,
651 701 866 734 sternentis
885 701 1042 747 agmina
1061 698 1182 745 clava,

193 752 338 789 deiecit
360 751 483 788 Leto:
513 751 611 787 nihil
631 751 717 788 illos
739 751 923 788 Herculis
942 765 1048 788 arma
1096 761 1099 765 ’

193 819 266 843 nee
285 804 436 842 validae
454 807 589 841 iuvere
607 818 746 841 manus
764 807 1000 854 genitorque
1021 804 1255 855 Melampus,
1289 810 1363 842 320

194 859 356 896 Alcidae
376 871 506 896 comes
525 871 649 907 usque
668 861 795 907 gravis
814 858 909 894 dum
930 863 1034 895 terra
1052 858 1203 896 labores

193 913 383 961 praebuit.
441 925 532 949 ecce
555 912 692 956 Pharo,
712 924 826 948 voces
844 911 938 948 dum
958 914 1079 948 iactat
1097 914 1248 959 inertis,

192 970 421 1016 intorquens
440 965 609 1002 iaculum
628 965 813 1002 clamanti
832 968 936 1002 sistit
954 967 993 1001 in
1013 978 1090 1002 ore.

193 1026 234 1056 tu
255 1032 423 1069 quoque,
443 1019 652 1055 flaventem
672 1021 797 1067 prima
815 1018 1001 1067 lanugine
1021 1019 1141 1055 malas

192 1074 284 1110 dum
298 1075 472 1123 sequeris
484 1072 655 1121 Clytium
669 1071 820 1117 infelix,
831 1084 931 1108 nova
942 1072 1096 1121 gaudia,
1112 1072 1261 1122 Cydon,
1289 1077 1363 1110 325

195 1126 391 1163 Dardania
409 1131 554 1163 stratus
573 1125 725 1170 dextra,
744 1138 902 1161 securus
920 1138 1110 1170 amorum,

191 1183 257 1230 qui
272 1183 457 1217 iuvenum
472 1180 544 1215 tibi
560 1191 716 1228 semper
729 1184 855 1224 erant,
867 1179 1087 1215 miserande
1101 1182 1261 1225 iaceres,

193 1238 230 1270 ni
253 1233 417 1270 fratrum
436 1236 581 1282 stipata
599 1232 737 1268 cohors
756 1231 860 1268 foret
878 1233 1003 1277 obvia,
1025 1232 1162 1268 Phorci

193 1289 412 1336 progenies,
432 1292 586 1335 septem
605 1298 782 1331 numero,
802 1290 1046 1335 septenaque
1065 1285 1146 1322 tela

191 1343 412 1377 coniciunt:
442 1342 583 1388 partim
603 1339 716 1388 galea
735 1338 940 1388 clipeoque
960 1338 1154 1376 resultant
1289 1343 1364 1376 330

192 1397 321 1439 inrita,
341 1393 502 1430 deflexit
522 1395 664 1441 partim
683 1395 921 1441 stringentia
940 1405 1079 1441 corpus

191 1448 291 1484 alma
310 1447 456 1483 Venus.
513 1446 633 1482 fidum
654 1446 810 1482 Aeneas
830 1445 986 1481 adfatur
1005 1445 1213 1483 Achatent

192 1506 214 1522 “
227 1513 396 1550 suggere
416 1500 497 1536 tela
517 1499 636 1535 mihi:
666 1512 745 1535 non
765 1499 887 1535 ullum
908 1498 1072 1535 dextera
1091 1498 1236 1535 frustra

193 1557 349 1592 torserit
360 1557 400 1590 in
418 1553 591 1600 Rutulos⁷
606 1557 806 1589 steterunt
818 1565 917 1601 quae
931 1554 970 1588 in
983 1565 1144 1601 corpore
1157 1551 1319 1588 Graium

194 1608 319 1644 Iliacis
338 1606 522 1655 campis.”
580 1611 664 1642 tum
683 1619 866 1654 magnam
887 1607 1047 1654 corripit
1065 1605 1217 1642 hastam
1288 1607 1361 1642 335

192 1667 232 1698 et
251 1663 366 1697 iacit:
394 1661 460 1697 illa
479 1659 613 1696 volans
632 1659 749 1708 clipei
768 1659 1060 1696 transverberat
1078 1671 1168 1695 aera

194 1716 370 1750 Maeonis
390 1719 432 1750 et
449 1713 610 1750 thoraca
627 1712 742 1749 simul
762 1725 850 1748 cum
870 1717 1031 1761 pectore
1050 1714 1207 1761 rumpit.

191 1768 281 1804 huic
301 1767 422 1804 frater
440 1767 546 1803 subit
566 1766 736 1802 Alcanor
754 1765 996 1815 fratremque
1015 1770 1197 1802 ruentem

403 1895 447 1915 ³¹⁷
470 1905 537 1936 quo
553 1895 652 1934 1³²7&
675 1895 727 1926 cui
746 1895 785 1932 R,
804 1893 919 1925 known
934 1898 965 1924 to
981 1892 1125 1925 Servius.

404 1939 446 1957 ³²¹
471 1949 546 1969 cum
564 1938 625 1969 Ml.
733 1937 777 1956 ³²³
801 1936 982 1968 clamantis
999 1937 1095 1976 Ml‘y.

405 1981 450 2000 ⁸³⁴
472 1981 636 2012 steterint
651 1980 710 2011 111².

195 2039 267 2078 192
