1399 2271
600 55 788 91 VIRGIL

107 142 293 191 frenaque
317 142 582 191 ferventisque
603 147 717 186 rotas,
738 155 825 190 pars
846 154 1007 178 munera
1027 146 1133 187 nota,
1204 144 1274 182 195

106 198 276 244 ipsorum
297 194 441 243 clipeos
463 201 505 232 et
525 208 604 231 non
624 195 753 231 felicia
773 194 864 231 tela.

106 248 227 284 multa
247 249 363 284 boum
385 252 484 284 circa
503 253 726 284 mactantur
745 261 904 297 corpora
925 248 1057 293 Morti,

105 304 396 350 saetigerosque
419 315 506 337 sues
527 307 735 350 raptasque
756 314 803 338 ex
825 302 1004 337 omnibus
1024 303 1125 350 agris

105 358 143 390 in
163 355 357 390 flammam
378 355 557 404 iugulant
578 354 758 404 pecudes.
816 360 901 391 tum
923 354 1037 390 litore
1057 359 1143 390 toto

104 407 278 444 ardentis
299 413 481 456 spectant
500 411 622 444 socios
642 413 891 457 semustaque
912 412 1069 444 servant
1202 412 1276 444 200

105 462 230 506 busta,
251 474 380 511 neque
399 461 514 498 avelli
535 466 709 510 possunt,
729 474 805 497 nox
826 461 956 497 umida
976 461 1102 497 donec

107 518 268 551 invertit
288 514 438 551 caelum
458 515 582 551 stellis
601 514 829 551 ardentibus
849 519 995 563 aptum.

158 568 242 604 Nec
262 570 389 604 minus
410 574 452 605 et
470 571 601 605 miseri
620 568 773 604 diversa
792 570 833 603 in
854 572 963 616 parte
986 566 1117 604 Latini

106 624 330 658 innumeras
349 626 527 658 struxere
548 634 674 671 pyras,
694 627 736 658 et
755 634 914 670 corpora
934 623 1077 670 partim

105 674 230 710 muita
249 678 371 711 virum
392 681 520 711 terrae
542 674 742 711 infodiunt
760 680 973 723 avectaque
994 676 1137 722 partim
1202 677 1275 710 ι205

106 728 289 764 finitimos
309 728 457 764 tollunt
475 731 514 764 in
536 741 647 777 agros
668 729 832 777 urbique
852 730 1086 771 reinittun't3

105 786 236 818 cetera
256 781 519 831 confusaeque
539 785 744 830 ingentem
765 781 893 818 caedis
913 793 1095 817 acervum

105 847 178 870 nec
191 848 353 871 numero
367 848 439 871 nec
452 835 599 872 honore
612 839 788 871 cremant
803 847 811 878 ;
831 840 927 870 tunc
940 834 1114 883 undique
1127 836 1224 870 vasti

106 891 287 924 certatim
307 889 451 924 crebris
471 888 683 925 conlucent
701 889 857 936 ignibus
877 890 970 936 agri.

107 944 223 978 tertia
241 941 307 977 lux
328 941 500 991 gelidam
520 941 627 978 caelo
647 941 864 977 dimoverat
883 941 1086 977 umbram:
1203 945 1277 978 210

105 1000 328 1031 maerentes
347 995 471 1031 altum
491 997 663 1031 cinerem
684 1000 725 1031 et
744 994 904 1030 confusa
923 995 1092 1030 ruebant

105 1061 190 1084 ossa
209 1047 304 1085 focis
324 1048 539 1098 tepidoque
559 1048 777 1084 onerabant
796 1060 940 1097 aggere
962 1053 1100 1084 terrae.

107 1104 179 1137 iam
202 1114 293 1138 vero
313 1104 353 1137 in
372 1104 503 1147 tectis,
523 1101 748 1150 praedivitis
768 1102 864 1137 urbe
886 1100 1028 1145 Latini,

106 1157 337 1204 praecipuus
357 1154 487 1203 fragor
505 1159 547 1192 et
565 1154 673 1204 longi
694 1167 781 1203 pars
801 1157 968 1190 maxima
987 1153 1127 1190 luctus.

107 1208 168 1244 hic
188 1213 334 1245 matres
352 1210 596 1258 miseraeque
615 1221 748 1253 nurus,
768 1207 831 1243 hie
852 1221 937 1243 cara
956 1220 1127 1243 sororum
1203 1210 1276 1244 215

106 1266 265 1309 pectora
283 1266 530 1298 maerentum
550 1264 739 1311 puerique
758 1261 987 1310 parentibus
1005 1261 1088 1296 orbi

106 1314 233 1350 dirum
254 1320 507 1352 exsecrantur
525 1314 673 1351 bellum
693 1314 893 1364 Turnique
913 1314 1174 1363 hymenaeos;

106 1370 232 1416 ipsum
252 1370 368 1404 armis
387 1370 593 1418 ipsumque
613 1368 753 1404 iubent
771 1367 985 1404 decernere
1005 1367 1120 1412 ferro,

106 1423 172 1470 qui
192 1433 358 1469 regnum
381 1421 517 1458 Italiae
537 1426 579 1458 et
597 1423 740 1470 primos
761 1421 832 1456 sibi
853 1425 987 1470 poscat
1006 1420 1183 1457 honores.

106 1477 285 1523 ingravat
304 1474 401 1511 haec
420 1487 557 1512 saevus
578 1475 753 1510 Drances
772 1474 976 1524 solumque
995 1477 1122 1510 vocari
1203 1478 1277 1510 220

107 1532 289 1572 testatur,
309 1527 434 1564 solum
454 1530 559 1577 posci
580 1530 621 1564 in
641 1530 855 1564 certamina
874 1527 1062 1564 Turnum.

107 1580 230 1617 multa
249 1581 363 1617 simul
385 1586 520 1618 contra
538 1584 652 1617 variis
673 1583 872 1618 sententia
891 1580 1006 1617 dictis

106 1646 175 1682 pro
193 1633 340 1680 Turno,
359 1640 401 1672 et
419 1648 606 1683 magnum
625 1637 785 1683 reginae
806 1647 951 1670 nomen
971 1634 1192 1680 obumbrat,

105 1687 228 1723 multa
249 1690 371 1724 virum
393 1691 543 1725 meritis
562 1693 760 1724 sustentat
779 1687 880 1724 fama
900 1689 1080 1736 tropaeis.

361 1790 404 1808 ²⁰²
427 1789 641 1831 fulgentibus
656 1790 694 1821 R.

361 1833 403 1851 ²⁰⁷
427 1832 553 1874 stragis
570 1834 608 1864 R.

361 1875 404 1894 ²¹⁴
427 1875 525 1916 longe
543 1875 588 1913 bc,
607 1875 781 1916 approved
798 1875 839 1916 by
854 1874 999 1908 Servius.

362 1918 405 1937 ²²⁰
429 1918 525 1957 haec]
541 1921 576 1950 et·
592 1919 667 1957 1³7¹.

360 1960 404 1980 2²4
428 1961 553 2000 virum]
571 1960 671 1992 simul
688 1961 749 1993 M1.

108 2008 180 2042 248
