1399 2271
629 81 819 118 VIRGlL

141 171 258 205 incita
277 181 351 205 nec
371 168 520 204 domini
540 182 757 205 memorum
778 168 979 217 proculcat
999 181 1200 218 equorum.

139 228 204 266 ille
225 231 355 266 ruenti
378 229 500 278 Hyllo
519 231 737 279 animisque
758 232 928 266 immane
949 229 1134 267 frementi
1239 233 1312 266 535

138 294 305 329 occurrit
324 291 527 341 telumque
548 297 683 328 aurata
703 291 752 328 ad
772 297 950 341 tempora
970 296 1154 341 torquet:

138 352 202 389 olli
223 366 293 402 per
313 353 466 402 galeam
486 352 561 389 fixo
582 355 696 390 stetit
716 352 827 390 hasta
846 353 1017 390 cerebro.

138 414 300 451 dextera
320 427 394 452 nec
413 419 482 452 tua
501 419 555 461 te,
578 414 740 451 Graium
760 414 970 451 fortissime
992 415 1176 460 Cretheu,

137 479 280 526 eripuit
298 476 443 522 Turno,
464 488 538 513 nec
558 475 598 513 di
617 481 754 513 texere
775 475 1016 525 Cupencum,

139 538 273 576 Aenea
292 541 492 584 veniente,
511 540 593 582 sui3
622 537 735 575 dedit
756 538 868 574 obvia
888 537 991 574 ferro
1237 541 1312 574 540

138 605 295 649 pectora
313 613 388 637 nec
406 602 549 637 misero
568 599 683 649 clipei
703 613 810 636 mora
829 599 977 650 profuit
995 601 1112 637 aerei.

138 667 176 698 te
195 675 351 712 quoque
373 661 592 699 Laurentes
612 661 810 707 viderunt,
834 661 972 707 Aeole,
991 663 1117 711 campi

135 728 325 772 oppetere
345 727 387 759 et
406 723 486 759 late
507 727 652 759 terram
672 728 926 760 consternere
946 727 1060 771 tergo
1079 735 1088 759 t

134 785 290 830 occidis,
311 784 481 834 Argivae
501 797 620 834 quem
641 798 720 822 non
741 790 906 834 potuere
927 784 1143 834 phalanges

135 851 311 883 sternere
332 859 405 883 nec
428 845 569 882 Priami
590 858 801 895 regnorum
821 858 976 883 eversor
997 845 1196 889 Achilles-,3
1236 849 1309 882 545

134 907 196 944 hic
216 908 289 945 tibi
309 911 445 945 mortis
465 913 578 945 erant
597 913 741 953 metae,
761 907 900 944 domus
921 907 1000 944 alta
1019 907 1091 944 sub
1113 906 1194 952 Ida,

136 969 299 1020 Lyrnesi
319 969 458 1006 domus
477 969 570 1015 alta,
591 969 673 1006 solo
694 969 893 1006 Laurente
914 968 1177 1018 sepulchrum.

134 1035 241 1068 totae
261 1030 360 1068 adeo
379 1043 589 1068 conversae
608 1033 712 1068 acies
731 1043 947 1080 omnesque
970 1030 1113 1075 Latini,

133 1105 269 1130 omnes
290 1092 554 1137 Dardanidae,
578 1091 813 1129 Mnestheus
832 1104 1000 1142 acerque
1021 1091 1201 1129 Serestus

133 1159 175 1191 et
195 1154 400 1204 Messapus
421 1167 566 1204 equum
586 1153 757 1190 domitor
777 1158 819 1191 et
838 1153 949 1191 fortis
971 1153 1098 1190 Asilas
1236 1157 1311 1190 550

133 1216 426 1265 Tuscorumque
446 1214 618 1264 phalanx
640 1214 894 1265 Euandrique
914 1214 1088 1251 Arcades
1107 1214 1204 1261 alae,

133 1290 202 1327 pro
222 1290 263 1314 se
283 1279 450 1327 quisque
470 1279 540 1313 viri
561 1289 712 1313 summa
731 1279 914 1313 nituntur
934 1290 1052 1326 opum
1073 1279 1133 1320 vi;

133 1351 205 1376 nec
225 1351 333 1375 mora
351 1351 425 1375 nec
445 1340 614 1388 requies,
635 1343 744 1374 vasto
764 1340 980 1374 certamine
1000 1336 1185 1374 tendunt.

188 1403 266 1439 Hic
277 1408 455 1440 mentem
468 1403 629 1439 Aeneae
642 1405 824 1451 genetrix
838 1402 1101 1451 pulcherrima
1112 1404 1232 1448 misit,

134 1468 208 1501 iret
227 1469 272 1502 ut
291 1464 339 1501 ad
359 1476 490 1500 muros
510 1464 674 1512 urbique
694 1463 922 1500 adverteret
939 1476 1083 1512 agmen
1236 1467 1309 1500 555

133 1529 238 1563 ocius
257 1531 299 1563 et
318 1526 448 1563 subita
465 1525 645 1562 turbaret
665 1524 776 1562 clade
798 1525 969 1562 Latinos.

133 1588 198 1625 ille
219 1593 263 1625 ut
282 1590 481 1637 vestigans
501 1586 654 1623 diversa
673 1599 745 1636 per
764 1589 920 1635 agmina
938 1586 1116 1623 Turnum

133 1649 208 1686 huc
229 1654 349 1699 atque
369 1648 446 1685 huc
466 1651 569 1684 acies
590 1647 844 1693 circumtulit,
864 1650 1004 1698 aspicit
1023 1648 1160 1684 urbem

132 1714 349 1747 immunem
368 1712 471 1747 tanti
491 1709 585 1745 belli
605 1713 725 1758 atque
746 1711 908 1758 impune
927 1712 1112 1759 quietam.

132 1774 319 1808 continuo
339 1782 496 1820 pugnae
515 1769 698 1806 accendit
717 1772 873 1806 maioris
892 1773 1022 1819 imago
1037 1783 1047 1814 ;
1233 1767 1309 1805 560

134 1833 346 1870 Mnesthea
358 1832 667 1881 Sergestumque
681 1836 793 1868 vocat
807 1831 1029 1881 fortemque
1043 1831 1243 1868 Serestum

303 1941 346 1961 ⁵¹¹
369 1942 457 1972 aerei
476 1941 602 1973 Aldine
619 1942 745 1973 edition
760 1942 892 1980 (1501):
919 1940 1007 1972 aeris
1023 1941 1119 1972 MSS.

303 1984 346 2003 559
370 1985 519 2024 quietem
538 1984 603 2024 R7¹

137 2027 210 2065 336
