1399 2271
656 81 844 117 VIRGIL

162 166 303 203 ardens
323 167 489 203 limitem
508 169 592 215 agit
611 166 726 212 ferro,
745 172 800 212 te,
820 167 965 212 Turne,
984 168 1196 216 superbum

163 219 283 256 caede
304 232 402 256 nova
421 233 622 269 quaerens.
684 220 818 265 Pallas,
841 220 1037 265 Euander,
1057 223 1096 256 in
1117 223 1208 269 ipsis
1261 224 1335 256 515

162 275 292 308 omnia
311 278 403 310 sunt
422 273 556 319 oculis,
575 286 747 318 mensae,
767 287 861 323 quas
881 273 1032 310 advena
1051 276 1194 323 primas

162 331 257 362 tunc
275 326 386 371 adiit,
405 326 647 376 dextraeque
667 327 794 363 datae.
852 326 1037 363 Sulmone
1057 332 1207 363 creatos

162 385 348 428 quattuor
364 380 426 416 hic
447 383 621 425 iuvenes,
638 380 805 417 totidem
821 393 916 429 quos
932 380 1075 416 educat
1093 380 1230 426 Ufens,

163 436 329 470 viventis
349 436 464 482 rapit,
482 433 640 470 inferias
660 446 756 483 quos
776 433 953 470 immolet
972 434 1118 470 umbris

162 490 395 536 captivoque
417 489 498 535 rogi
519 486 732 535 perfundat
751 490 942 535 sanguine
962 487 1144 523 flammas.
1261 491 1336 523 520

162 540 255 576 inde
277 540 395 589 Mago
415 540 547 589 procul
569 540 761 577 infensam
782 540 1043 577 contenderat
1064 540 1225 577 hastam.

163 593 228 630 ille
245 599 330 630 astu
348 594 548 630 subit—at
563 594 813 630 tremibunda
828 593 1052 642 supervolat
1068 593 1231 630 hasta—-

166 652 207 683 et
226 660 356 695 genua
375 647 620 695 amplectens
641 648 780 683 effatur
799 647 892 683 talia
911 647 1100 696 supplex:

163 704 186 721 “
200 713 270 748 per
289 703 434 749 patrios
456 701 584 736 Manis
604 705 645 736 et
665 713 753 749 spes
773 703 969 749 surgentis
991 700 1064 736 Iuli

162 759 203 790 te
217 767 364 802 precor,
379 754 479 789 hanc
492 756 660 789 animam
677 766 806 790 serves
821 759 1021 803 gnatoque
1038 756 1243 802 patrique„
1261 758 1335 791 525

163 815 224 843 est
243 807 381 843 domus
401 807 493 852 alta,
513 809 644 843 iacent
663 809 821 856 penitus
841 806 995 843 defossa
1014 807 1165 843 talenta

163 860 302 896 caelati
322 863 489 910 argenti,
509 865 602 897 sunt
620 863 703 896 auri
723 860 898 909 pondera
917 860 1010 896 facti

163 914 380 963 infectique
401 914 508 949 mihi.
565 926 645 949 non
665 913 728 949 hic
748 916 908 950 victoria
927 913 1121 950 Teucrum

163 970 329 1004 vertitur
347 972 416 1003 aut
435 969 563 1002 anima
583 980 661 1003 una
680 967 790 1004 dabit
808 967 1031 1003 discrimina
1049 966 1199 1004 tanta.'’

162 1020 326 1056 dixerat.
385 1020 541 1056 Aeneas
561 1026 697 1056 contra
717 1023 778 1056 cui
799 1020 891 1056 talia
911 1020 1064 1057 reddit:
1261 1025 1337 1058 530

162 1078 186 1094 “
200 1076 355 1120 argenti
374 1079 493 1122 atque
509 1076 590 1109 auri
607 1086 799 1109 memoras
814 1086 913 1122 quae
928 1073 1052 1109 multa
1067 1073 1232 1120 talenta,

163 1130 293 1175 gnatis
313 1140 426 1175 parce
447 1129 535 1163 tuis.
595 1127 687 1162 belli
708 1129 939 1163 commercia
958 1126 1112 1162 Turnus

163 1180 320 1217 sustulit
341 1183 414 1216 ista
435 1183 538 1228 prior
557 1182 632 1215 iam
652 1186 737 1216 tum
759 1179 936 1216 Pallante
956 1185 1173 1228 peremptO.

164 1234 237 1270 hoc
257 1236 375 1282 patris
398 1233 593 1269 Anchisae
616 1233 766 1279 Manes,
786 1233 858 1269 hoc
878 1236 1001 1269 sentit
1023 1233 1167 1269 Iulus.’'

163 1290 216 1324 sic
236 1287 339 1323 fatus
359 1287 512 1335 galeam
531 1286 640 1323 laeva
660 1292 774 1323 tenet
793 1292 912 1335 atque
933 1286 1074 1322 reflexa
1262 1292 1335 1324 535

163 1343 313 1377 cervice
333 1343 478 1376 orantis
499 1339 637 1388 capulo
658 1345 772 1376 tenus
791 1340 963 1388 applicat
982 1353 1128 1376 ensem.

164 1407 236 1429 nec
250 1393 382 1441 procul
398 1393 682 1438 Haemonides,
696 1393 843 1428 Phoebi
856 1393 1087 1442 Triviaeque
1101 1393 1292 1438 sacerdos,

164 1447 286 1482 infula
308 1449 369 1482 cui
389 1459 495 1482 sacra
514 1446 723 1482 redimibat
742 1451 920 1494 tempora
940 1449 1049 1491 vitta,

164 1505 270 1536 totus
290 1499 501 1536 conlucens
520 1504 630 1535 veste
650 1505 769 1548 atque
789 1500 1007 1547 insignibus
1027 1502 1165 1536 armis:

163 1566 281 1602 quem
293 1565 522 1601 congressus
535 1556 617 1601 agit
630 1566 780 1601 campo,
792 1552 1022 1601 lapsumque
1035 1558 1260 1601 superstans

163 1606 339 1642 immolat
359 1609 592 1655 ingentique
614 1607 749 1641 umbra
769 1608 894 1653 tegit3
923 1619 1027 1641 arma
1047 1606 1227 1642 Serestus
1261 1611 1329 1642 541

163 1660 265 1696 lecta
285 1660 407 1695 refert
427 1662 583 1704 umeris,
602 1660 687 1704 tibi,
709 1672 776 1695 rex
797 1659 980 1704 Gradive,
999 1664 1215 1708 tropaeum.
1240 1674 1265 1685 Ὗ

217 1713 444 1749 Instaurant
461 1715 564 1748 acies
585 1712 746 1748 Volcani
766 1715 887 1761 stirpe
907 1717 1060 1748 creatus

164 1766 352 1802 Caeculus
372 1771 414 1803 et
433 1768 594 1802 veniens
617 1766 833 1802 Marsorum
852 1766 1051 1802 montibus
1075 1765 1232 1802 Umbro.

205 1834 250 1854 ⁵²¹
273 1834 434 1865 infestam
454 1835 558 1873 PR71.

206 1877 250 1896 ⁵²²
273 1880 310 1908 at
326 1877 494 1916 Pf:.1l³71·
517 1877 551 1907 in
568 1877 638 1908 ΜΚ·
660 1888 701 1908 en
718 1878 788 1908 M2:
811 1887 850 1908 ac
867 1876 987 1916 M4‘y2b.

205 1920 249 1939 ⁵²³
270 1921 319 1958 et]
336 1920 369 1950 in
389 1920 458 1951 Jl1:
479 1930 521 1951 en
538 1920 608 1950 ΜΖ.-
631 1923 666 1951 et
682 1920 744 1952 211³.
822 1920 867 1939 ⁵²⁴
889 1920 1076 1960 surgentis]
1091 1920 1224 1951 heredis
1241 1921 1303 1959 12²7
1311 1920 1333 1952 ¹.

205 1963 250 1982 ⁶³³
273 1962 333 1994 illa
348 1963 394 1993 M.
821 1963 865 1981 ⁵³⁶
888 1962 1001 1993 oranti
1018 1962 1070 1993 Pl.

205 2005 249 2024 ⁶³⁹
273 2005 390 2045 armis]
405 2004 492 2036 albis
509 2005 651 2045 Probus,
665 2005 814 2046 perhaps
829 2005 882 2037 12².
974 2005 1018 2024 ⁵⁴³
1042 2006 1213 2037 instaurat
1227 2005 1290 2038 M1.

165 2047 240 2086 206
