1399 2271
628 102 820 140 VIRGIL

143 188 334 232 dissiluit;
362 188 467 224 fulva
487 188 744 238 resplendent
764 188 956 238 fragmina
976 189 1131 226 harena.

143 255 235 292 ergo
255 254 390 278 amens
409 242 560 279 diversa
580 242 674 291 fuga
693 245 796 291 petit
814 255 983 293 aequora
1002 242 1158 280 Turnus

142 301 183 332 et
202 309 307 332 nunc
327 295 417 341 huc,
436 295 529 332 inde
550 295 626 332 hue
645 298 816 333 incertos
835 296 1011 345 implicat
1029 297 1157 341 orbis3

142 349 316 399 undique
336 351 441 386 enim
461 348 583 386 densa
603 349 743 386 Teucri
763 349 957 387 inclusere
976 363 1118 387 corona

140 408 260 453 atque
273 403 365 439 hinc
378 408 486 440 vasta
498 402 621 452 palus,
633 402 726 439 hinc
738 403 860 440 ardua
871 406 1027 441 moenia
1038 406 1215 453 cingunt.
1239 406 1312 443 745

193 456 279 494 Nec
298 459 427 493 minus
446 456 616 502 Aeneas,
636 470 872 507 quamquam
891 457 1046 494 tardata
1064 460 1209 507 sagitta

139 510 340 548 interdum
362 523 492 560 genua
513 510 738 560 impediunt
758 524 993 561 cursumque
1012 517 1209 558 recusant,

138 567 359 615 insequitur
372 564 596 614 trepidique
612 564 756 614 pedem
772 565 873 614 pede
889 564 1061 602 fervidus
1073 570 1190 615 urget
1197 577 1207 610 ;

139 618 333 655 inclusum
352 617 475 655 veluti
495 620 526 654 si
547 618 704 668 quando
722 617 882 655 flumine
901 624 1040 656 nactus

138 685 296 709 cervum
315 677 384 708 aut
402 674 594 721 puniceae
613 677 795 721 saeptum
815 671 1024 710 formidine
1044 675 1189 722 pinnae
1237 675 1311 713 750

138 731 301 763 venator
321 738 434 762 cursu
454 728 560 762 canis
580 731 622 762 et
640 725 847 763 latratibus
867 729 1012 771 instat3

137 780 203 817 ille
223 785 371 825 autem,
390 779 540 816 insidiis
560 784 602 816 et
620 781 704 829 ripa
723 782 883 817 territus
902 779 995 826 alta,

136 833 244 870 mille
264 833 368 883 fugit
387 832 613 883 refugitque
633 835 734 877 vias;
763 838 805 870 at
824 833 974 870 vividus
995 832 1146 871 Umber

136 886 275 925 haeret
288 886 413 932 hians,
428 889 675 936 iamiamque
690 892 806 924 tenet
820 887 1034 937 similisque
1049 890 1206 925 tenenti

135 943 332 990 increpuit
350 940 462 976 malis
480 953 690 990 morsuque
709 940 841 977 elusus
859 943 966 977 inani
986 946 1057 978 est.
1235 944 1309 981 755

135 1000 220 1031 tum
240 1008 331 1031 vero
351 996 525 1031 exoritur
543 993 700 1040 clamor,
718 996 906 1044 ripaeque
924 994 1110 1045 lacusque

135 1053 368 1098 responsant
387 1051 487 1084 circa
507 1053 549 1084 et
568 1048 720 1084 caelum
739 1052 854 1084 tonat
871 1061 988 1085 omne
1008 1048 1193 1086 tumultu.

134 1102 200 1139 ille
220 1101 335 1139 simul
356 1101 512 1150 fugiens
535 1101 700 1138 Rutulos
719 1101 835 1138 simul
855 1104 1033 1152 increpat
1053 1105 1191 1148 omnis,

134 1158 294 1192 nomine
333 1168 531 1205 quemque
569 1168 724 1201 vocans,
761 1161 979 1206 notumque
1017 1156 1206 1205 efflagitat

239 1222 385 1246 ensem.
1258 1221 1310 1247 MP

135 1263 290 1300 Aeneas
309 1267 478 1299 mortem
499 1267 635 1299 contra
654 1275 919 1312 praesensque
938 1265 1112 1300 minatur
1234 1264 1309 1302 760

134 1319 311 1362 exitium,
332 1319 362 1353 si
383 1318 588 1366 quisquam
608 1315 737 1362 adeat,
759 1321 962 1366 terretque
982 1319 1202 1363 trementis,

133 1373 354 1407 excisurum
373 1370 510 1406 urbem
530 1372 729 1415 minitans,
749 1375 791 1407 et
810 1372 962 1407 saucius
981 1373 1112 1408 instat.

132 1426 307 1474 quinque
322 1424 425 1460 orbis
441 1422 606 1472 explent
622 1436 735 1460 cursu
751 1423 1000 1474 totidemque
1015 1429 1204 1461 retexunt

133 1477 209 1514 huc
229 1477 345 1521 illuc;
374 1489 505 1526 neque
521 1479 627 1514 enim
643 1476 744 1514 levia
759 1482 828 1514 aut
843 1476 991 1514 ludicra
1011 1483 1203 1526 petuntur

133 1534 316 1580 praemia,
337 1531 407 1567 sed
427 1530 548 1566 Turni
567 1530 618 1567 de
638 1532 718 1567 vita
738 1535 780 1567 et
798 1533 989 1580 sanguine
1009 1536 1174 1570 certant.
1232 1530 1306 1571 765

186 1585 303 1621 Forte
322 1596 431 1621 sacer
452 1583 585 1620 Fauno
604 1583 706 1621 foliis
726 1584 896 1621 oleaster
913 1587 1053 1621 amaris

132 1638 195 1675 hic
215 1642 396 1684 steterat,
415 1640 544 1674 nautis
564 1637 657 1673 olim
677 1637 902 1675 venerabile
922 1638 1087 1687 lignum,

131 1694 274 1729 servati
294 1705 343 1729 ex
362 1691 478 1728 undis
497 1691 564 1728 ubi
584 1691 704 1740 figere
725 1691 828 1728 dona
846 1691 1027 1729 solebant

133 1745 320 1782 Laurenti
341 1745 431 1781 divo
451 1749 493 1782 et
511 1750 621 1782 votas
640 1745 882 1794 suspendere
902 1748 1044 1789 vestis3

131 1798 200 1836 sed
220 1802 383 1848 stirpem
403 1797 544 1835 Teucri
563 1797 673 1835 nullo
691 1798 916 1836 discrimine
935 1811 1086 1836 sacrum
1231 1801 1307 1840 770

259 1890 302 1909 ⁷⁴¹
325 1889 523 1931 resplendet
538 1888 692 1931 fragmen
708 1890 799 1921 M‘R.

258 1934 303 1952 ⁷⁴⁴
325 1932 430 1964 densa
446 1933 568 1964 Teucri
585 1934 654 1971 PR,
671 1932 829 1965 Servius:
851 1932 972 1964 Teucri
990 1933 1095 1965 densa
1111 1934 1157 1966 M.

259 1976 303 1996 ⁷⁴⁶
327 1975 488 2007 tardante
506 1976 600 2009 M²c².
759 1976 803 1995 ⁷⁵³
826 1986 865 2007 ac
881 1975 979 2010 M1b1.

259 2019 304 2039 '¹⁵⁴
327 2023 447 2051 tenens
461 2020 520 2052 Rc.

132 2067 208 2101 350
