1399 2271
671 63 863 99 VIRGIL

175 149 372 187 tollebant
391 151 471 185 irae
489 150 687 186 venientis
705 148 757 185 ad
774 150 905 185 omnia
924 150 1037 185 visus.

176 206 252 239 iam
271 205 396 252 magis
415 208 536 252 atque
554 205 680 251 magis
699 215 839 251 corpus
858 201 1074 239 revolubile
1093 201 1254 239 volvens

175 256 325 293 attollit
342 255 478 293 nitidis
497 261 637 305 pectus
655 255 885 304 fulgoribus,
905 255 1020 292 effert
1277 257 1351 295 170

177 309 332 346 sublimi
351 312 503 346 cervice
523 314 654 358 caput,
674 311 736 345 cui
756 312 874 345 crista
891 321 1061 357 superne

177 363 296 409 edita,
315 375 513 413 purpureo
531 362 667 399 lucens
686 362 906 399 maculatur
923 364 1082 407 amictu,

177 422 420 467 aspectuque
438 419 587 453 micant
605 416 844 452 flammarum
864 416 1013 452 lumina
1030 421 1152 452 torvo.

177 471 355 508 metabat
373 483 458 507 sese
477 473 624 507 circum
643 470 741 516 loca,
760 483 848 506 cum
868 468 978 506 videt
996 472 1137 518 ingens

177 524 385 561 adversum
401 524 589 561 recubare
607 523 750 560 ducem
769 525 911 572 gregis.
967 526 1090 559 aerior
1108 526 1230 560 instat
1279 526 1350 562 175

177 579 326 614 lumina
345 577 570 614 diffundens
587 577 798 613 intendere
819 582 861 613 et
880 577 993 612 obvia
1009 581 1144 613 torvus

178 634 332 681 saepius
350 634 541 680 arripiens
560 630 789 679 infringere,
809 630 912 679 quod
933 642 1002 666 sua
1020 633 1225 680 quisquam

178 684 228 721 ad
247 685 345 721 vada
364 688 548 721 venisset.
604 689 770 720 naturae
789 688 990 732 comparat
1007 696 1136 720 arma:

178 738 292 775 ardet
309 743 460 783 mente,
479 737 576 774 furit
593 737 837 782 stridoribus,
857 740 1012 773 insonat
1031 742 1111 783 ore,

178 792 341 829 flexibus
359 794 504 828 eversis
522 796 759 840 torquentur
777 793 947 839 corporis
967 791 1092 835 orbes,
1280 795 1351 827 180

179 851 341 882 manant
359 847 598 894 sanguineae
617 857 688 893 per
706 849 855 880 tractus
874 844 1049 894 undique
1068 850 1220 893 guttae,

179 902 337 949 spiritus
355 901 528 947 erumpit
546 897 689 934 fauces.
747 900 809 934 cui
829 902 971 934 cuncta
989 903 1189 947 parantur,

178 952 360 1002 parvulus
378 951 484 988 hunc
503 954 609 1001 prior
627 953 771 987 umoris
791 956 992 988 contenet
1009 950 1203 996 alumnus,

179 1012 221 1044 et
239 1011 409 1042 mortem
427 1008 551 1042 vitare
568 1010 705 1041 monet
726 1017 796 1053 per
814 1007 1004 1041 acumina.
1061 1017 1232 1054 namque

179 1073 255 1110 qua
273 1059 436 1096 diducta
454 1071 577 1107 genas
595 1057 826 1107 pandebant
843 1057 1004 1103 lumina,
1025 1071 1230 1107 gemmans
1279 1063 1350 1095 185

178 1113 251 1150 hac
270 1114 433 1150 senioris
451 1117 537 1149 erat
554 1117 719 1147 naturae
738 1111 885 1161 pupula
903 1111 985 1148 telo

179 1170 257 1204 icta
274 1166 364 1211 levi,
384 1178 473 1202 cum
493 1165 674 1215 prosiluit
692 1164 926 1201 furibundus
945 1170 988 1201 et
1005 1164 1116 1201 illum

179 1221 370 1257 obtritum
391 1219 512 1255 Morti
529 1221 652 1264 misit,
670 1221 732 1255 cui
751 1218 911 1255 dissitus
930 1220 1056 1255 omnis

179 1276 338 1323 spiritus
357 1275 526 1310 excessit
545 1284 692 1309 sensus.
747 1277 835 1308 tum
853 1277 963 1308 torva
981 1277 1191 1309 tenentem

178 1328 327 1364 lumina
344 1329 519 1376 respexit
539 1330 767 1375 serpentem
787 1328 1027 1369 comminus3
1055 1325 1150 1362 inde
1279 1330 1352 1369 190

178 1383 359 1430 impiger,
379 1381 583 1425 exanimis,
601 1381 666 1415 vix
685 1391 843 1428 compos
861 1384 998 1415 mente
1016 1378 1180 1428 refugit,

179 1440 221 1471 et
239 1433 412 1470 validum
431 1433 571 1470 dextra
589 1432 763 1469 detraxit-
781 1432 830 1468 ab
849 1433 987 1469 arbore
1006 1437 1204 1469 truncum.

180 1490 247 1538 qui
266 1500 377 1524 casus
394 1489 552 1524 sociarit
569 1499 686 1535 opem
704 1498 903 1522 numenve
922 1485 1097 1530 deorum,

180 1540 347 1590 prodere
365 1542 417 1577 sit
435 1540 613 1584 dubium,
632 1538 755 1576 valuit
773 1538 843 1576 sed
862 1541 1020 1576 vincere
1039 1539 1128 1575 talis

179 1594 335 1632 horrida
352 1596 547 1644 squamosi
565 1592 765 1630 volventia
781 1593 958 1630 membra
976 1592 1168 1638 draconis,
1279 1596 1351 1636 195

223 1672 266 1692 ¹⁶³
291 1672 360 1703 irae
377 1672 466 1703 Leo:
488 1670 613 1701 heri->ae
631 1669 790 1701 Ribbeck-.-
812 1670 901 1701 acies
926 1670 1089 1701 Voffmer:
1110 1680 1214 1701 aurae
1230 1675 1266 1702 Ω.

223 1715 266 1735 ¹⁷⁰
289 1714 389 1746 effert
416 1714 643 1751 Friesemann,
671 1713 780 1744 Ellis.-
821 1713 930 1744 ect'ert
965 1712 1125 1744 Ribbeck-.-
1161 1724 1237 1744 θῦσε
1263 1713 1353 1745 Leo:

180 1766 213 1790 et
238 1768 273 1788 se
296 1763 334 1789 Ω.
786 1756 831 1775 ¹⁷⁴
852 1757 986 1797 ingens]
1008 1761 1124 1787 amens
1141 1756 1348 1788 Plait‘zinwre.

222 1801 265 1820 ¹⁷⁶
289 1806 389 1832 torvo
405 1806 450 1832 n:
475 1805 576 1831 torua
593 1804 623 1831 Γ.
787 1799 831 1818 ¹⁷⁵
853 1804 1032 1840 computat
1053 1804 1085 1835 Γ,
1104 1798 1200 1831 ΕἷΙίε.

223 1844 265 1863 ¹⁷⁵²
291 1844 425 1874 insonat
444 1848 480 1874 1':
510 1843 659 1873 intonat.
786 1841 830 1861 ¹⁵⁰
853 1848 1036 1883 torquetur
1058 1841 1155 1873 VCL.

222 1886 265 1905 ¹¹³²
289 1893 455 1927 parantur
472 1885 672 1916 Housman.-
694 1885 844 1925 paranti.

222 1929 266 1948 ¹⁵⁵
288 1939 462 1968 gemmans
478 1928 668 1959 Schrader:
690 1937 840 1968 gemmas
856 1932 893 1958 1':
919 1928 1059 1968 gemmis
1077 1931 1112 1957 Ω.

222 1971 266 1990 ¹⁵⁶
289 1979 414 2003 natura
431 1976 468 2003 1⁸:
493 1977 628 2002 mature
645 1970 759 2009 Bothe,
779 1969 872 2001 Ellis.
975 1970 1019 1990 ¹⁹²
1041 1971 1220 2002 exanimus

182 2020 256 2052 ‘384
