<?xml version="1.0" encoding="UTF-8"?>
<!DOCTYPE html PUBLIC "-//W3C//DTD XHTML 1.0 Transitional//EN"
    "http://www.w3.org/TR/xhtml1/DTD/xhtml1-transitional.dtd">
<html xmlns="http://www.w3.org/1999/xhtml" xml:lang="en" lang="en">
 <head>
  <title>
</title>
<meta http-equiv="Content-Type" content="text/html;charset=utf-8" />
  <meta name='ocr-system' content='tesseract 3.04.00' />
  <meta name='ocr-capabilities' content='ocr_page ocr_carea ocr_par ocr_line ocrx_word'/>
</head>
<body>
  <div class='ocr_page' id='page_1' title='image "./virgilwithenglis02virg_0258.png"; bbox 0 0 1399 2271; ppageno 0'>
   <div class='ocr_carea' id='block_1_1' title="bbox 603 67 793 105">
    <p class='ocr_par' dir='ltr' id='par_1_1' title="bbox 603 67 793 105">
     <span class='ocr_line' id='line_1_1' title="bbox 603 67 793 105; baseline 0.005 -2"><span class='ocrx_word' id='word_1_1' title='bbox 603 67 793 105; x_wconf 86' lang='lat' dir='ltr'>VIRGIL</span> 
     </span>
    </p>
   </div>
   <div class='ocr_carea' id='block_1_2' title="bbox 106 154 1285 1921">
    <p class='ocr_par' dir='ltr' id='par_1_2' title="bbox 106 154 1279 204">
     <span class='ocr_line' id='line_1_2' title="bbox 106 154 1279 204; baseline 0.003 -13"><span class='ocrx_word' id='word_1_2' title='bbox 106 158 302 192; x_wconf 84' lang='lat' dir='ltr'>iunximus</span> <span class='ocrx_word' id='word_1_3' title='bbox 320 154 491 204; x_wconf 89' lang='lat' dir='ltr'>hospitio</span> <span class='ocrx_word' id='word_1_4' title='bbox 509 155 690 192; x_wconf 57' lang='lat' dir='ltr'>dextras:</span> <span class='ocrx_word' id='word_1_5' title='bbox 718 168 798 192; x_wconf 89' lang='lat' dir='ltr'>sors</span> <span class='ocrx_word' id='word_1_6' title='bbox 819 159 891 193; x_wconf 84' lang='lat' dir='ltr'>ista</span> <span class='ocrx_word' id='word_1_7' title='bbox 911 163 1094 194; x_wconf 81' lang='lat' dir='ltr'>senectae</span> <span class='ocrx_word' id='word_1_8' title='bbox 1209 157 1279 195; x_wconf 88' lang='grc'>165</span> 
     </span>
    </p>

    <p class='ocr_par' dir='ltr' id='par_1_3' title="bbox 106 214 1177 264">
     <span class='ocr_line' id='line_1_3' title="bbox 106 214 1177 264; baseline 0.002 -13"><span class='ocrx_word' id='word_1_9' title='bbox 106 215 241 252; x_wconf 88' lang='lat' dir='ltr'>debita</span> <span class='ocrx_word' id='word_1_10' title='bbox 260 219 345 252; x_wconf 86' lang='lat' dir='ltr'>erat</span> <span class='ocrx_word' id='word_1_11' title='bbox 363 219 531 251; x_wconf 87' lang='lat' dir='ltr'>nostrae.</span> <span class='ocrx_word' id='word_1_12' title='bbox 589 214 695 264; x_wconf 91' lang='lat' dir='ltr'>quod</span> <span class='ocrx_word' id='word_1_13' title='bbox 715 218 745 251; x_wconf 92' lang='lat' dir='ltr'>si</span> <span class='ocrx_word' id='word_1_14' title='bbox 765 218 973 253; x_wconf 87' lang='lat' dir='ltr'>immatura</span> <span class='ocrx_word' id='word_1_15' title='bbox 991 217 1177 253; x_wconf 70' lang='lat' dir='ltr'>manebat</span> 
     </span>
    </p>

    <p class='ocr_par' dir='ltr' id='par_1_4' title="bbox 107 273 1086 323">
     <span class='ocr_line' id='line_1_4' title="bbox 107 273 1086 323; baseline 0.002 -13"><span class='ocrx_word' id='word_1_16' title='bbox 107 287 210 311; x_wconf 90' lang='lat' dir='ltr'>mors</span> <span class='ocrx_word' id='word_1_17' title='bbox 228 278 406 323; x_wconf 85' lang='lat' dir='ltr'>gnatum,</span> <span class='ocrx_word' id='word_1_18' title='bbox 427 276 548 310; x_wconf 89' lang='lat' dir='ltr'>caesis</span> <span class='ocrx_word' id='word_1_19' title='bbox 568 273 798 310; x_wconf 90' lang='lat' dir='ltr'>Volscorum</span> <span class='ocrx_word' id='word_1_20' title='bbox 816 274 974 312; x_wconf 91' lang='lat' dir='ltr'>milibus</span> <span class='ocrx_word' id='word_1_21' title='bbox 992 280 1086 312; x_wconf 86' lang='lat' dir='ltr'>ante</span> 
     </span>
    </p>

    <p class='ocr_par' dir='ltr' id='par_1_5' title="bbox 107 332 1140 372">
     <span class='ocr_line' id='line_1_5' title="bbox 107 332 1140 372; baseline 0.001 -2"><span class='ocrx_word' id='word_1_22' title='bbox 107 333 322 370; x_wconf 90' lang='lat' dir='ltr'>ducentem</span> <span class='ocrx_word' id='word_1_23' title='bbox 340 336 382 370; x_wconf 91' lang='lat' dir='ltr'>in</span> <span class='ocrx_word' id='word_1_24' title='bbox 402 332 560 370; x_wconf 81' lang='lat' dir='ltr'>Latium</span> <span class='ocrx_word' id='word_1_25' title='bbox 580 332 751 370; x_wconf 89' lang='lat' dir='ltr'>Teucros</span> <span class='ocrx_word' id='word_1_26' title='bbox 771 333 959 370; x_wconf 85' lang='lat' dir='ltr'>cecidisse</span> <span class='ocrx_word' id='word_1_27' title='bbox 979 334 1140 372; x_wconf 86' lang='lat' dir='ltr'>iuvabit.</span> 
     </span>
    </p>

    <p class='ocr_par' dir='ltr' id='par_1_6' title="bbox 107 391 1024 444">
     <span class='ocr_line' id='line_1_6' title="bbox 107 391 1024 444; baseline 0 -15"><span class='ocrx_word' id='word_1_28' title='bbox 107 396 202 444; x_wconf 93' lang='lat' dir='ltr'>quin</span> <span class='ocrx_word' id='word_1_29' title='bbox 222 406 296 442; x_wconf 88' lang='lat' dir='ltr'>ego</span> <span class='ocrx_word' id='word_1_30' title='bbox 315 406 394 429; x_wconf 90' lang='lat' dir='ltr'>non</span> <span class='ocrx_word' id='word_1_31' title='bbox 413 392 490 429; x_wconf 86' lang='lat' dir='ltr'>alio</span> <span class='ocrx_word' id='word_1_32' title='bbox 509 392 651 441; x_wconf 85' lang='lat' dir='ltr'>digner</span> <span class='ocrx_word' id='word_1_33' title='bbox 670 397 712 429; x_wconf 88' lang='lat' dir='ltr'>te</span> <span class='ocrx_word' id='word_1_34' title='bbox 731 391 883 438; x_wconf 87' lang='lat' dir='ltr'>funere,</span> <span class='ocrx_word' id='word_1_35' title='bbox 906 392 1024 439; x_wconf 85' lang='lat' dir='ltr'>Palla,</span> 
     </span>
    </p>

    <p class='ocr_par' dir='ltr' id='par_1_7' title="bbox 107 451 1282 502">
     <span class='ocr_line' id='line_1_7' title="bbox 107 451 1282 502; baseline -0.001 -13"><span class='ocrx_word' id='word_1_36' title='bbox 107 465 224 502; x_wconf 87' lang='lat' dir='ltr'>quam</span> <span class='ocrx_word' id='word_1_37' title='bbox 237 455 324 502; x_wconf 88' lang='lat' dir='ltr'>pius</span> <span class='ocrx_word' id='word_1_38' title='bbox 336 452 493 489; x_wconf 81' lang='lat' dir='ltr'>Aeneas</span> <span class='ocrx_word' id='word_1_39' title='bbox 505 457 547 489; x_wconf 87' lang='lat' dir='ltr'>et</span> <span class='ocrx_word' id='word_1_40' title='bbox 558 465 676 501; x_wconf 87' lang='lat' dir='ltr'>quam</span> <span class='ocrx_word' id='word_1_41' title='bbox 687 455 820 501; x_wconf 87' lang='lat' dir='ltr'>magni</span> <span class='ocrx_word' id='word_1_42' title='bbox 836 451 1010 502; x_wconf 86' lang='lat' dir='ltr'>Phryges</span> <span class='ocrx_word' id='word_1_43' title='bbox 1023 457 1066 490; x_wconf 92' lang='lat' dir='ltr'>et</span> <span class='ocrx_word' id='word_1_44' title='bbox 1077 466 1192 502; x_wconf 83' lang='lat' dir='ltr'>quam</span> <span class='ocrx_word' id='word_1_45' title='bbox 1211 455 1282 492; x_wconf 89' lang='lat'>170</span> 
     </span>
    </p>

    <p class='ocr_par' dir='ltr' id='par_1_8' title="bbox 108 511 1171 562">
     <span class='ocr_line' id='line_1_8' title="bbox 108 511 1171 562; baseline 0 -14"><span class='ocrx_word' id='word_1_46' title='bbox 108 511 380 562; x_wconf 81' lang='lat' dir='ltr'>Tyrrhenique</span> <span class='ocrx_word' id='word_1_47' title='bbox 401 511 533 557; x_wconf 84' lang='lat' dir='ltr'>duces,</span> <span class='ocrx_word' id='word_1_48' title='bbox 554 511 802 561; x_wconf 78' lang='lat' dir='ltr'>Tyrrhenum</span> <span class='ocrx_word' id='word_1_49' title='bbox 822 514 1017 549; x_wconf 87' lang='lat' dir='ltr'>exercitus</span> <span class='ocrx_word' id='word_1_50' title='bbox 1036 515 1171 549; x_wconf 88' lang='lat' dir='ltr'>omnis.</span> 
     </span>
    </p>

    <p class='ocr_par' dir='ltr' id='par_1_9' title="bbox 108 569 1177 620">
     <span class='ocr_line' id='line_1_9' title="bbox 108 569 1177 620; baseline 0.001 -14"><span class='ocrx_word' id='word_1_51' title='bbox 108 584 251 620; x_wconf 85' lang='lat' dir='ltr'>magna</span> <span class='ocrx_word' id='word_1_52' title='bbox 265 575 427 620; x_wconf 87' lang='lat' dir='ltr'>tropaea</span> <span class='ocrx_word' id='word_1_53' title='bbox 441 569 588 615; x_wconf 86' lang='lat' dir='ltr'>ferunt,</span> <span class='ocrx_word' id='word_1_54' title='bbox 602 582 698 619; x_wconf 91' lang='lat' dir='ltr'>quos</span> <span class='ocrx_word' id='word_1_55' title='bbox 712 569 782 606; x_wconf 89' lang='lat' dir='ltr'>dat</span> <span class='ocrx_word' id='word_1_56' title='bbox 796 575 864 607; x_wconf 87' lang='lat' dir='ltr'>tua</span> <span class='ocrx_word' id='word_1_57' title='bbox 877 569 1041 607; x_wconf 81' lang='lat' dir='ltr'>dextera</span> <span class='ocrx_word' id='word_1_58' title='bbox 1055 570 1154 607; x_wconf 90' lang='lat' dir='ltr'>Leto</span> <span class='ocrx_word' id='word_1_59' title='bbox 1169 583 1177 615; x_wconf 90' lang='lat'>;</span> 
     </span>
    </p>

    <p class='ocr_par' dir='ltr' id='par_1_10' title="bbox 110 631 1177 680">
     <span class='ocr_line' id='line_1_10' title="bbox 110 631 1177 680; baseline 0 -14"><span class='ocrx_word' id='word_1_60' title='bbox 110 636 152 667; x_wconf 82' lang='lat' dir='ltr'>tu</span> <span class='ocrx_word' id='word_1_61' title='bbox 168 643 324 680; x_wconf 86' lang='lat' dir='ltr'>quoque</span> <span class='ocrx_word' id='word_1_62' title='bbox 345 643 450 666; x_wconf 87' lang='lat' dir='ltr'>nunc</span> <span class='ocrx_word' id='word_1_63' title='bbox 469 634 593 666; x_wconf 88' lang='lat' dir='ltr'>stares</span> <span class='ocrx_word' id='word_1_64' title='bbox 612 631 792 666; x_wconf 87' lang='lat' dir='ltr'>immanis</span> <span class='ocrx_word' id='word_1_65' title='bbox 813 634 975 666; x_wconf 85' lang='lat' dir='ltr'>truncus</span> <span class='ocrx_word' id='word_1_66' title='bbox 994 632 1034 666; x_wconf 88' lang='lat' dir='ltr'>in</span> <span class='ocrx_word' id='word_1_67' title='bbox 1049 633 1177 675; x_wconf 81' lang='lat' dir='ltr'>armis,</span> 
     </span>
    </p>

    <p class='ocr_par' dir='ltr' id='par_1_11' title="bbox 109 688 1014 739">
     <span class='ocr_line' id='line_1_11' title="bbox 109 688 1014 739; baseline -0.002 -13"><span class='ocrx_word' id='word_1_68' title='bbox 109 695 215 726; x_wconf 87' lang='lat' dir='ltr'>esset</span> <span class='ocrx_word' id='word_1_69' title='bbox 233 702 302 739; x_wconf 75' lang='lat' dir='ltr'>pax·</span> <span class='ocrx_word' id='word_1_70' title='bbox 320 694 428 726; x_wconf 81' lang='lat' dir='ltr'>aetas</span> <span class='ocrx_word' id='word_1_71' title='bbox 448 694 490 726; x_wconf 90' lang='lat' dir='ltr'>et</span> <span class='ocrx_word' id='word_1_72' title='bbox 509 688 615 725; x_wconf 89' lang='lat' dir='ltr'>idem</span> <span class='ocrx_word' id='word_1_73' title='bbox 635 691 666 725; x_wconf 89' lang='lat' dir='ltr'>si</span> <span class='ocrx_word' id='word_1_74' title='bbox 685 689 803 725; x_wconf 88' lang='lat' dir='ltr'>robur</span> <span class='ocrx_word' id='word_1_75' title='bbox 822 689 870 725; x_wconf 86' lang='lat' dir='ltr'>ab</span> <span class='ocrx_word' id='word_1_76' title='bbox 889 691 1014 735; x_wconf 86' lang='lat' dir='ltr'>annis,</span> 
     </span>
    </p>

    <p class='ocr_par' dir='ltr' id='par_1_12' title="bbox 109 747 1282 798">
     <span class='ocr_line' id='line_1_12' title="bbox 109 747 1282 798; baseline 0.001 -13"><span class='ocrx_word' id='word_1_77' title='bbox 109 749 252 786; x_wconf 85' lang='lat' dir='ltr'>Turne.</span> <span class='ocrx_word' id='word_1_78' title='bbox 300 748 371 786; x_wconf 87' lang='lat' dir='ltr'>sed</span> <span class='ocrx_word' id='word_1_79' title='bbox 390 748 527 785; x_wconf 81' lang='lat' dir='ltr'>infelix</span> <span class='ocrx_word' id='word_1_80' title='bbox 542 748 714 784; x_wconf 88' lang='lat' dir='ltr'>Teucros</span> <span class='ocrx_word' id='word_1_81' title='bbox 730 747 823 798; x_wconf 88' lang='lat' dir='ltr'>quid</span> <span class='ocrx_word' id='word_1_82' title='bbox 839 747 1020 784; x_wconf 86' lang='lat' dir='ltr'>demoror</span> <span class='ocrx_word' id='word_1_83' title='bbox 1033 749 1178 785; x_wconf 80' lang='lat' dir='ltr'>armis?</span> <span class='ocrx_word' id='word_1_84' title='bbox 1212 750 1282 787; x_wconf 87' lang='lat'>175</span> 
     </span>
    </p>

    <p class='ocr_par' dir='ltr' id='par_1_13' title="bbox 109 806 1129 856">
     <span class='ocr_line' id='line_1_13' title="bbox 109 806 1129 856; baseline 0.001 -12"><span class='ocrx_word' id='word_1_85' title='bbox 109 808 240 845; x_wconf 80' lang='lat' dir='ltr'><strong>vadite</strong></span> <span class='ocrx_word' id='word_1_86' title='bbox 261 813 304 846; x_wconf 87' lang='lat' dir='ltr'>et</span> <span class='ocrx_word' id='word_1_87' title='bbox 321 807 419 844; x_wconf 85' lang='lat' dir='ltr'>haec</span> <span class='ocrx_word' id='word_1_88' title='bbox 438 820 632 844; x_wconf 79' lang='lat' dir='ltr'>memores</span> <span class='ocrx_word' id='word_1_89' title='bbox 652 809 735 856; x_wconf 88' lang='lat' dir='ltr'>regi</span> <span class='ocrx_word' id='word_1_90' title='bbox 754 806 941 844; x_wconf 77' lang='lat' dir='ltr'>mandata</span> <span class='ocrx_word' id='word_1_91' title='bbox 959 807 1129 845; x_wconf 87' lang='lat' dir='ltr'>referte:</span> 
     </span>
    </p>

    <p class='ocr_par' dir='ltr' id='par_1_14' title="bbox 109 865 1138 917">
     <span class='ocr_line' id='line_1_14' title="bbox 109 865 1138 917; baseline -0.001 -13"><span class='ocrx_word' id='word_1_92' title='bbox 109 867 214 917; x_wconf 90' lang='lat' dir='ltr'>quod</span> <span class='ocrx_word' id='word_1_93' title='bbox 235 870 354 904; x_wconf 85' lang='lat' dir='ltr'>vitam</span> <span class='ocrx_word' id='word_1_94' title='bbox 374 879 503 903; x_wconf 86' lang='lat' dir='ltr'>moror</span> <span class='ocrx_word' id='word_1_95' title='bbox 521 869 700 911; x_wconf 80' lang='lat' dir='ltr'>invisam,</span> <span class='ocrx_word' id='word_1_96' title='bbox 723 865 899 903; x_wconf 79' lang='lat' dir='ltr'>Pallante</span> <span class='ocrx_word' id='word_1_97' title='bbox 919 871 1138 916; x_wconf 89' lang='lat' dir='ltr'>perempto,</span> 
     </span>
    </p>

    <p class='ocr_par' dir='ltr' id='par_1_15' title="bbox 110 925 1177 975">
     <span class='ocr_line' id='line_1_15' title="bbox 110 925 1177 975; baseline 0 -12"><span class='ocrx_word' id='word_1_98' title='bbox 110 927 274 964; x_wconf 82' lang='lat' dir='ltr'>dextera</span> <span class='ocrx_word' id='word_1_99' title='bbox 288 939 403 963; x_wconf 86' lang='lat' dir='ltr'>eausa</span> <span class='ocrx_word' id='word_1_100' title='bbox 416 931 486 963; x_wconf 84' lang='lat' dir='ltr'>tua</span> <span class='ocrx_word' id='word_1_101' title='bbox 501 931 573 971; x_wconf 85' lang='lat' dir='ltr'>est,</span> <span class='ocrx_word' id='word_1_102' title='bbox 590 925 766 961; x_wconf 76' lang='lat' dir='ltr'>Turnum</span> <span class='ocrx_word' id='word_1_103' title='bbox 781 930 981 975; x_wconf 84' lang='lat' dir='ltr'>gnatoque</span> <span class='ocrx_word' id='word_1_104' title='bbox 997 928 1177 975; x_wconf 85' lang='lat' dir='ltr'>patrique</span> 
     </span>
    </p>

    <p class='ocr_par' dir='ltr' id='par_1_16' title="bbox 109 984 1169 1036">
     <span class='ocr_line' id='line_1_16' title="bbox 109 984 1169 1036; baseline 0 -14"><span class='ocrx_word' id='word_1_105' title='bbox 109 999 227 1036; x_wconf 89' lang='lat' dir='ltr'>quam</span> <span class='ocrx_word' id='word_1_106' title='bbox 246 985 393 1022; x_wconf 88' lang='lat' dir='ltr'>debere</span> <span class='ocrx_word' id='word_1_107' title='bbox 413 984 533 1022; x_wconf 88' lang='lat' dir='ltr'>vides.</span> <span class='ocrx_word' id='word_1_108' title='bbox 589 986 739 1021; x_wconf 88' lang='lat' dir='ltr'>meritis</span> <span class='ocrx_word' id='word_1_109' title='bbox 759 989 870 1020; x_wconf 86' lang='lat' dir='ltr'>vacat</span> <span class='ocrx_word' id='word_1_110' title='bbox 890 984 953 1020; x_wconf 90' lang='lat' dir='ltr'>hic</span> <span class='ocrx_word' id='word_1_111' title='bbox 973 985 1045 1021; x_wconf 89' lang='lat' dir='ltr'>tibi</span> <span class='ocrx_word' id='word_1_112' title='bbox 1065 985 1169 1022; x_wconf 88' lang='lat' dir='ltr'>solus</span> 
     </span>
    </p>

    <p class='ocr_par' dir='ltr' id='par_1_17' title="bbox 111 1043 1283 1095">
     <span class='ocr_line' id='line_1_17' title="bbox 111 1043 1283 1095; baseline -0.001 -14"><span class='ocrx_word' id='word_1_113' title='bbox 111 1045 371 1095; x_wconf 84' lang='lat' dir='ltr'>fortunaeque</span> <span class='ocrx_word' id='word_1_114' title='bbox 390 1043 509 1081; x_wconf 88' lang='lat' dir='ltr'>locus.</span> <span class='ocrx_word' id='word_1_115' title='bbox 567 1056 646 1080; x_wconf 88' lang='lat' dir='ltr'>non</span> <span class='ocrx_word' id='word_1_116' title='bbox 667 1046 770 1080; x_wconf 88' lang='lat' dir='ltr'>vitae</span> <span class='ocrx_word' id='word_1_117' title='bbox 790 1043 933 1092; x_wconf 84' lang='lat' dir='ltr'>gaudia</span> <span class='ocrx_word' id='word_1_118' title='bbox 952 1056 1097 1093; x_wconf 85' lang='lat' dir='ltr'>quaero</span> <span class='ocrx_word' id='word_1_119' title='bbox 1210 1047 1283 1081; x_wconf 87' lang='grc'>180</span> 
     </span>
    </p>

    <p class='ocr_par' dir='ltr' id='par_1_18' title="bbox 111 1102 1135 1200">
     <span class='ocr_line' id='line_1_18' title="bbox 111 1102 1135 1155; baseline -0.003 -14"><span class='ocrx_word' id='word_1_120' title='bbox 111 1104 203 1155; x_wconf 88' lang='lat' dir='ltr'>(nec</span> <span class='ocrx_word' id='word_1_121' title='bbox 222 1102 311 1155; x_wconf 79' lang='lat' dir='ltr'>fas),</span> <span class='ocrx_word' id='word_1_122' title='bbox 331 1103 401 1140; x_wconf 89' lang='lat' dir='ltr'>sed</span> <span class='ocrx_word' id='word_1_123' title='bbox 420 1108 542 1152; x_wconf 87' lang='lat' dir='ltr'>gnato</span> <span class='ocrx_word' id='word_1_124' title='bbox 564 1103 693 1139; x_wconf 78' lang='lat' dir='ltr'>Manis</span> <span class='ocrx_word' id='word_1_125' title='bbox 711 1102 887 1152; x_wconf 84' lang='lat' dir='ltr'>perferre</span> <span class='ocrx_word' id='word_1_126' title='bbox 907 1103 978 1139; x_wconf 92' lang='lat' dir='ltr'>sub</span> <span class='ocrx_word' id='word_1_127' title='bbox 999 1103 1135 1139; x_wconf 85' lang='lat' dir='ltr'>imos.&#39;&#39;</span> 
     </span>
     <span class='ocr_line' id='line_1_19' title="bbox 167 1161 1065 1200; baseline -0.002 0"><span class='ocrx_word' id='word_1_128' title='bbox 167 1165 316 1200; x_wconf 86' lang='lat' dir='ltr'>Aurora</span> <span class='ocrx_word' id='word_1_129' title='bbox 335 1165 487 1199; x_wconf 86' lang='lat' dir='ltr'>interea</span> <span class='ocrx_word' id='word_1_130' title='bbox 506 1164 657 1199; x_wconf 91' lang='lat' dir='ltr'>miseris</span> <span class='ocrx_word' id='word_1_131' title='bbox 676 1162 905 1198; x_wconf 83' lang='lat' dir='ltr'>mortalibus</span> <span class='ocrx_word' id='word_1_132' title='bbox 923 1161 1065 1198; x_wconf 84' lang='lat' dir='ltr'>almam</span> 
     </span>
    </p>

    <p class='ocr_par' dir='ltr' id='par_1_19' title="bbox 112 1221 1137 1270">
     <span class='ocr_line' id='line_1_20' title="bbox 112 1221 1137 1270; baseline -0.004 -9"><span class='ocrx_word' id='word_1_133' title='bbox 112 1223 309 1261; x_wconf 82' lang='lat' dir='ltr'>extulerat</span> <span class='ocrx_word' id='word_1_134' title='bbox 328 1222 469 1268; x_wconf 88' lang='lat' dir='ltr'>lucem,</span> <span class='ocrx_word' id='word_1_135' title='bbox 490 1221 666 1258; x_wconf 87' lang='lat' dir='ltr'>referens</span> <span class='ocrx_word' id='word_1_136' title='bbox 686 1234 804 1270; x_wconf 86' lang='lat' dir='ltr'>opera</span> <span class='ocrx_word' id='word_1_137' title='bbox 823 1226 942 1270; x_wconf 83' lang='lat' dir='ltr'>atque</span> <span class='ocrx_word' id='word_1_138' title='bbox 962 1221 1137 1258; x_wconf 83' lang='lat' dir='ltr'>labores:</span> 
     </span>
    </p>

    <p class='ocr_par' dir='ltr' id='par_1_20' title="bbox 111 1279 1135 1332">
     <span class='ocr_line' id='line_1_21' title="bbox 111 1279 1135 1332; baseline -0.004 -13"><span class='ocrx_word' id='word_1_139' title='bbox 111 1286 187 1319; x_wconf 88' lang='lat' dir='ltr'>iam</span> <span class='ocrx_word' id='word_1_140' title='bbox 207 1287 321 1332; x_wconf 85' lang='lat' dir='ltr'>pater</span> <span class='ocrx_word' id='word_1_141' title='bbox 342 1282 510 1326; x_wconf 87' lang='lat' dir='ltr'>Aeneas,</span> <span class='ocrx_word' id='word_1_142' title='bbox 529 1283 606 1316; x_wconf 88' lang='lat' dir='ltr'>iam</span> <span class='ocrx_word' id='word_1_143' title='bbox 625 1292 743 1316; x_wconf 88' lang='lat' dir='ltr'>curvo</span> <span class='ocrx_word' id='word_1_144' title='bbox 762 1283 802 1315; x_wconf 91' lang='lat' dir='ltr'>in</span> <span class='ocrx_word' id='word_1_145' title='bbox 822 1279 937 1316; x_wconf 82' lang='lat' dir='ltr'>litore</span> <span class='ocrx_word' id='word_1_146' title='bbox 956 1279 1135 1315; x_wconf 81' lang='lat' dir='ltr'>Tarchon</span> 
     </span>
    </p>

    <p class='ocr_par' dir='ltr' id='par_1_21' title="bbox 112 1339 1284 1390">
     <span class='ocr_line' id='line_1_22' title="bbox 112 1339 1284 1390; baseline -0.003 -11"><span class='ocrx_word' id='word_1_147' title='bbox 112 1344 353 1379; x_wconf 87' lang='lat' dir='ltr'>constituere</span> <span class='ocrx_word' id='word_1_148' title='bbox 373 1353 498 1390; x_wconf 83' lang='lat' dir='ltr'>pyras.</span> <span class='ocrx_word' id='word_1_149' title='bbox 556 1339 633 1376; x_wconf 86' lang='lat' dir='ltr'>hue</span> <span class='ocrx_word' id='word_1_150' title='bbox 653 1352 813 1388; x_wconf 83' lang='lat' dir='ltr'>corpora</span> <span class='ocrx_word' id='word_1_151' title='bbox 832 1342 996 1389; x_wconf 87' lang='lat' dir='ltr'>quisque</span> <span class='ocrx_word' id='word_1_152' title='bbox 1016 1352 1173 1376; x_wconf 82' lang='lat' dir='ltr'>suorum</span> <span class='ocrx_word' id='word_1_153' title='bbox 1212 1343 1284 1375; x_wconf 85' lang='lat'>185</span> 
     </span>
    </p>

    <p class='ocr_par' dir='ltr' id='par_1_22' title="bbox 111 1399 1130 1449">
     <span class='ocr_line' id='line_1_23' title="bbox 111 1399 1130 1449; baseline -0.003 -11"><span class='ocrx_word' id='word_1_154' title='bbox 111 1414 219 1438; x_wconf 85' lang='lat' dir='ltr'>more</span> <span class='ocrx_word' id='word_1_155' title='bbox 239 1400 367 1438; x_wconf 87' lang='lat' dir='ltr'>tulere</span> <span class='ocrx_word' id='word_1_156' title='bbox 387 1405 557 1449; x_wconf 81' lang='lat' dir='ltr'>patrum,</span> <span class='ocrx_word' id='word_1_157' title='bbox 575 1399 841 1447; x_wconf 87' lang='lat' dir='ltr'>subiectisque</span> <span class='ocrx_word' id='word_1_158' title='bbox 860 1399 1017 1447; x_wconf 89' lang='lat' dir='ltr'>ignibus</span> <span class='ocrx_word' id='word_1_159' title='bbox 1036 1400 1130 1435; x_wconf 85' lang='lat' dir='ltr'>atris</span> 
     </span>
    </p>

    <p class='ocr_par' dir='ltr' id='par_1_23' title="bbox 112 1457 1070 1506">
     <span class='ocr_line' id='line_1_24' title="bbox 112 1457 1070 1506; baseline -0.005 -8"><span class='ocrx_word' id='word_1_160' title='bbox 112 1460 295 1498; x_wconf 86' lang='lat' dir='ltr'>conditur</span> <span class='ocrx_word' id='word_1_161' title='bbox 313 1463 354 1496; x_wconf 91' lang='lat' dir='ltr'>in</span> <span class='ocrx_word' id='word_1_162' title='bbox 374 1459 558 1496; x_wconf 85' lang='lat' dir='ltr'>tenebras</span> <span class='ocrx_word' id='word_1_163' title='bbox 576 1457 701 1494; x_wconf 88' lang='lat' dir='ltr'>altum</span> <span class='ocrx_word' id='word_1_164' title='bbox 720 1457 888 1506; x_wconf 83' lang='lat' dir='ltr'>caligine</span> <span class='ocrx_word' id='word_1_165' title='bbox 908 1457 1070 1494; x_wconf 85' lang='lat' dir='ltr'>caelum.</span> 
     </span>
    </p>

    <p class='ocr_par' dir='ltr' id='par_1_24' title="bbox 112 1516 1077 1566">
     <span class='ocr_line' id='line_1_25' title="bbox 112 1516 1077 1566; baseline -0.006 -8"><span class='ocrx_word' id='word_1_166' title='bbox 112 1526 174 1558; x_wconf 90' lang='lat' dir='ltr'>ter</span> <span class='ocrx_word' id='word_1_167' title='bbox 191 1523 338 1557; x_wconf 87' lang='lat' dir='ltr'>circum</span> <span class='ocrx_word' id='word_1_168' title='bbox 357 1530 541 1555; x_wconf 89' lang='lat' dir='ltr'>accensos</span> <span class='ocrx_word' id='word_1_169' title='bbox 560 1519 679 1554; x_wconf 86' lang='lat' dir='ltr'>cincti</span> <span class='ocrx_word' id='word_1_170' title='bbox 698 1516 943 1566; x_wconf 85' lang='lat' dir='ltr'>fulgentibus</span> <span class='ocrx_word' id='word_1_171' title='bbox 962 1519 1077 1553; x_wconf 78' lang='lat' dir='ltr'>arinis</span> 
     </span>
    </p>

    <p class='ocr_par' dir='ltr' id='par_1_25' title="bbox 112 1575 1084 1627">
     <span class='ocr_line' id='line_1_26' title="bbox 112 1575 1084 1627; baseline -0.007 -10"><span class='ocrx_word' id='word_1_172' title='bbox 112 1580 320 1617; x_wconf 86' lang='lat' dir='ltr'>decurrere</span> <span class='ocrx_word' id='word_1_173' title='bbox 340 1590 468 1627; x_wconf 88' lang='lat' dir='ltr'>rogos,</span> <span class='ocrx_word' id='word_1_174' title='bbox 487 1582 549 1614; x_wconf 87' lang='lat' dir='ltr'>ter</span> <span class='ocrx_word' id='word_1_175' title='bbox 567 1580 762 1612; x_wconf 89' lang='lat' dir='ltr'>maestum</span> <span class='ocrx_word' id='word_1_176' title='bbox 781 1575 930 1612; x_wconf 88' lang='lat' dir='ltr'>funeris</span> <span class='ocrx_word' id='word_1_177' title='bbox 951 1577 1084 1624; x_wconf 85' lang='lat' dir='ltr'>iguem</span> 
     </span>
    </p>

    <p class='ocr_par' dir='ltr' id='par_1_26' title="bbox 111 1634 1285 1686">
     <span class='ocr_line' id='line_1_27' title="bbox 111 1634 1285 1686; baseline -0.005 -10"><span class='ocrx_word' id='word_1_178' title='bbox 111 1640 327 1676; x_wconf 86' lang='lat' dir='ltr'>lustravere</span> <span class='ocrx_word' id='word_1_179' title='bbox 347 1640 388 1674; x_wconf 91' lang='lat' dir='ltr'>in</span> <span class='ocrx_word' id='word_1_180' title='bbox 408 1639 518 1686; x_wconf 91' lang='lat' dir='ltr'>equis</span> <span class='ocrx_word' id='word_1_181' title='bbox 537 1635 788 1685; x_wconf 79' lang='lat' dir='ltr'>ululatusque</span> <span class='ocrx_word' id='word_1_182' title='bbox 807 1647 874 1671; x_wconf 92' lang='lat' dir='ltr'>ore</span> <span class='ocrx_word' id='word_1_183' title='bbox 894 1634 1050 1671; x_wconf 87' lang='lat' dir='ltr'>dedere.</span> <span class='ocrx_word' id='word_1_184' title='bbox 1214 1637 1285 1676; x_wconf 90' lang='grc'>190</span> 
     </span>
    </p>

    <p class='ocr_par' dir='ltr' id='par_1_27' title="bbox 112 1694 1159 1748">
     <span class='ocr_line' id='line_1_28' title="bbox 112 1694 1159 1748; baseline -0.007 -13"><span class='ocrx_word' id='word_1_185' title='bbox 112 1700 308 1748; x_wconf 83' lang='lat' dir='ltr'>spargitur</span> <span class='ocrx_word' id='word_1_186' title='bbox 328 1702 369 1734; x_wconf 87' lang='lat' dir='ltr'>et</span> <span class='ocrx_word' id='word_1_187' title='bbox 388 1695 506 1732; x_wconf 86' lang='lat' dir='ltr'>tellus</span> <span class='ocrx_word' id='word_1_188' title='bbox 525 1694 707 1739; x_wconf 82' lang='lat' dir='ltr'>lacrimis,</span> <span class='ocrx_word' id='word_1_189' title='bbox 726 1698 965 1743; x_wconf 87' lang='lat' dir='ltr'>sparguntur</span> <span class='ocrx_word' id='word_1_190' title='bbox 984 1698 1025 1730; x_wconf 91' lang='lat' dir='ltr'>et</span> <span class='ocrx_word' id='word_1_191' title='bbox 1045 1706 1159 1729; x_wconf 51' lang='lat' dir='ltr'>arma¹</span> 
     </span>
    </p>

    <p class='ocr_par' dir='ltr' id='par_1_28' title="bbox 111 1752 1126 1805">
     <span class='ocr_line' id='line_1_29' title="bbox 111 1752 1126 1805; baseline -0.008 -10"><span class='ocrx_word' id='word_1_192' title='bbox 111 1760 144 1795; x_wconf 80' lang='lat' dir='ltr'>it</span> <span class='ocrx_word' id='word_1_193' title='bbox 162 1756 271 1794; x_wconf 84' lang='lat' dir='ltr'>eaelo</span> <span class='ocrx_word' id='word_1_194' title='bbox 289 1755 512 1805; x_wconf 83' lang='lat' dir='ltr'>clamorque</span> <span class='ocrx_word' id='word_1_195' title='bbox 531 1756 655 1790; x_wconf 89' lang='lat' dir='ltr'>virum</span> <span class='ocrx_word' id='word_1_196' title='bbox 675 1753 913 1802; x_wconf 86' lang='lat' dir='ltr'>clangorque</span> <span class='ocrx_word' id='word_1_197' title='bbox 932 1752 1126 1792; x_wconf 81' lang='lat' dir='ltr'>tubarum.</span> 
     </span>
    </p>

    <p class='ocr_par' dir='ltr' id='par_1_29' title="bbox 113 1811 908 1864">
     <span class='ocr_line' id='line_1_30' title="bbox 113 1811 908 1864; baseline -0.006 -12"><span class='ocrx_word' id='word_1_198' title='bbox 113 1816 176 1852; x_wconf 87' lang='lat' dir='ltr'>hic</span> <span class='ocrx_word' id='word_1_199' title='bbox 195 1815 259 1851; x_wconf 88' lang='lat' dir='ltr'>alii</span> <span class='ocrx_word' id='word_1_200' title='bbox 278 1814 400 1864; x_wconf 88' lang='lat' dir='ltr'>spolia</span> <span class='ocrx_word' id='word_1_201' title='bbox 419 1814 554 1850; x_wconf 90' lang='lat' dir='ltr'>occisis</span> <span class='ocrx_word' id='word_1_202' title='bbox 572 1811 739 1861; x_wconf 83' lang='lat' dir='ltr'>derepta</span> <span class='ocrx_word' id='word_1_203' title='bbox 759 1811 908 1848; x_wconf 88' lang='lat' dir='ltr'>Latinis</span> 
     </span>
    </p>

    <p class='ocr_par' dir='ltr' id='par_1_30' title="bbox 113 1870 958 1921">
     <span class='ocr_line' id='line_1_31' title="bbox 113 1870 958 1921; baseline -0.005 -10"><span class='ocrx_word' id='word_1_204' title='bbox 113 1877 313 1912; x_wconf 81' lang='lat' dir='ltr'>coniciunt</span> <span class='ocrx_word' id='word_1_205' title='bbox 331 1876 426 1921; x_wconf 78' lang='lat' dir='ltr'>igni,</span> <span class='ocrx_word' id='word_1_206' title='bbox 446 1871 577 1921; x_wconf 82' lang='lat' dir='ltr'>galeas</span> <span class='ocrx_word' id='word_1_207' title='bbox 596 1874 777 1920; x_wconf 82' lang='lat' dir='ltr'>ensisque</span> <span class='ocrx_word' id='word_1_208' title='bbox 797 1870 958 1907; x_wconf 82' lang='lat' dir='ltr'>decoros</span> 
     </span>
    </p>
   </div>
   <div class='ocr_carea' id='block_1_3' title="bbox 286 1939 1125 2016">
    <p class='ocr_par' dir='ltr' id='par_1_31' title="bbox 286 1939 1125 2016">
     <span class='ocr_line' id='line_1_32' title="bbox 286 1939 1125 1979; baseline 0 -7"><span class='ocrx_word' id='word_1_209' title='bbox 286 1943 327 1961; x_wconf 65' lang='lat'>¹⁶³</span> <span class='ocrx_word' id='word_1_210' title='bbox 352 1943 487 1973; x_wconf 75' lang='lat' dir='ltr'>iuvaret</span> <span class='ocrx_word' id='word_1_211' title='bbox 502 1942 561 1972; x_wconf 70' lang='lat' dir='ltr'>M.-</span> <span class='ocrx_word' id='word_1_212' title='bbox 585 1941 703 1971; x_wconf 82' lang='lat' dir='ltr'>iuvare</span> <span class='ocrx_word' id='word_1_213' title='bbox 720 1941 758 1971; x_wconf 78' lang='lat' dir='ltr'>R.</span> <span class='ocrx_word' id='word_1_214' title='bbox 853 1940 896 1959; x_wconf 79' lang='lat'>¹⁷²</span> <span class='ocrx_word' id='word_1_215' title='bbox 919 1939 1031 1970; x_wconf 82' lang='lat' dir='ltr'>ferant</span> <span class='ocrx_word' id='word_1_216' title='bbox 1052 1939 1125 1979; x_wconf 66' lang='lat'><strong>2:7¹.</strong></span> 
     </span>
     <span class='ocr_line' id='line_1_33' title="bbox 287 1982 1090 2016; baseline -0.004 -1"><span class='ocrx_word' id='word_1_217' title='bbox 287 1986 329 2005; x_wconf 78' lang='lat'>¹⁷⁶</span> <span class='ocrx_word' id='word_1_218' title='bbox 353 1984 470 2016; x_wconf 76' lang='lat' dir='ltr'>audite</span> <span class='ocrx_word' id='word_1_219' title='bbox 487 1985 524 2015; x_wconf 74' lang='lat' dir='ltr'>R.</span> <span class='ocrx_word' id='word_1_220' title='bbox 853 1982 897 2003; x_wconf 69' lang='lat'>¹⁵⁸</span> <span class='ocrx_word' id='word_1_221' title='bbox 919 1983 1034 2013; x_wconf 76' lang='lat' dir='ltr'>cuncti</span> <span class='ocrx_word' id='word_1_222' title='bbox 1053 1983 1090 2015; x_wconf 75' lang='lat' dir='ltr'>R.</span> 
     </span>
    </p>
   </div>
   <div class='ocr_carea' id='block_1_4' title="bbox 115 2030 189 2067">
    <p class='ocr_par' dir='ltr' id='par_1_32' title="bbox 115 2030 189 2067">
     <span class='ocr_line' id='line_1_34' title="bbox 115 2030 189 2067; baseline -0.014 0"><span class='ocrx_word' id='word_1_223' title='bbox 115 2030 189 2067; x_wconf 69' lang='lat'>246</span> 
     </span>
    </p>
   </div>
  </div>
 </body>
</html>
