1399 2271
629 90 820 127 VIRGIL

141 177 326 214 Pallantis
345 179 476 227 proavi
495 176 546 214 de
565 179 724 214 nomine
748 176 1002 214 Pallanteum.

139 236 178 272 hi
198 236 346 273 bellum
366 236 528 273 adsidue
547 236 700 273 ducunt
719 249 807 272 cum
829 241 950 285 gente
972 236 1138 281 Latina;
1264 240 1310 275 55

138 296 207 333 hos
227 298 361 333 castris
380 295 524 332 adhibe
544 297 666 332 socios
686 300 728 332 et
748 294 907 332 foedera
927 297 1058 345 iunge.

138 357 220 404 ipse
241 368 315 404 ego
334 360 376 392 te
396 356 489 404 ripis
509 359 551 391 et
569 359 678 391 recto
698 353 856 391 flumine
876 353 1029 400 ducam,

138 414 343 451 adversum
362 416 479 450 remis
499 426 659 463 superes
679 414 889 450 subvectus
909 418 953 450 ut
972 426 1140 451 amnem.

137 487 253 523 surge
272 487 359 523 age,
380 479 474 510 nate
493 473 580 519 dea,
601 475 812 522 primisque
833 472 1065 510 cadentibus
1084 475 1197 510 astris

140 533 280 569 Iunoni
299 532 359 569 fer
377 535 452 569 rite
471 545 608 581 preces
628 534 804 581 iramque
823 534 1027 582 minasque
1262 531 1311 569 60

136 592 376 642 supplicibus
395 605 535 641 supera
554 593 663 629 votis.
721 591 817 627 mihi
837 594 961 628 victor
979 591 1168 629 honorem

137 651 343 701 persolves.
402 663 475 700 ego
494 663 593 696 sum,
613 650 731 700 pleno
751 663 868 700 quem
888 649 1047 687 flumine
1067 653 1192 688 cernis

136 713 399 759 stringentem
419 712 520 759 ripas
541 715 583 747 et
601 711 762 759 pinguia
782 709 888 746 culta
907 715 1122 757 secantem,

136 769 337 806 caeruleus
356 768 538 818 Thybris,
558 768 667 805 caelo
687 770 930 817 gratissimus
949 771 1084 806 amnis.

136 829 198 865 hic
213 828 308 864 mihi
324 841 467 876 magna
481 827 633 873 domus,
648 827 761 864 celsis
776 832 894 876 caput
909 828 1069 864 urbibus
1085 826 1205 865 exit.’'
1261 826 1309 865 65

190 887 313 933 Dixit,
333 886 478 923 deinde
498 886 583 923 lacu
604 886 741 923 fluvius
761 899 802 924 se
823 886 1000 923 condidit
1019 886 1112 932 alto,

135 949 211 983 ima
229 951 396 996 petens3
423 958 499 982 nox
520 945 684 982 Aenean
705 958 941 995 somnusque
962 945 1131 995 reliquit.

135 1007 259 1054 surgit
279 1010 320 1041 et
340 1004 505 1041 aetherii
526 1009 708 1053 spectans
729 1007 896 1041 orientia
915 1004 1005 1041 solis

135 1064 282 1100 lumina
301 1067 376 1100 rite
396 1066 498 1100 cavis
518 1063 663 1100 undam
685 1063 734 1100 de
754 1063 913 1100 flumine
933 1063 1071 1113 palmis

133 1125 302 1160 sustinet
321 1136 365 1159 ac
385 1122 473 1159 talis
494 1122 660 1159 effundit
679 1122 728 1158 ad
748 1121 910 1159 aethera
930 1135 1066 1159 voces:
1259 1125 1309 1162 70

134 1187 157 1204 “
171 1182 394 1232 Nymphae,
411 1181 628 1219 Laurentes
650 1181 871 1232 Nymphae,
888 1195 1013 1231 genus
1033 1182 1212 1219 amnibus

238 1240 343 1278 unde
364 1245 437 1278 est*
1207 1253 1309 1278 FMPR

135 1306 268 1349 tuque,
288 1312 310 1335 o
329 1299 478 1348 Thybri
499 1303 568 1335 tuo
588 1300 745 1347 genitor
765 1311 854 1335 cum
874 1297 1034 1335 flumine
1055 1304 1204 1346 sancto,

131 1361 297 1407 accipite
320 1358 484 1394 Aenean
505 1362 547 1394 et
566 1357 728 1393 tandem
747 1362 879 1394 arcete
899 1357 1066 1406 periclis.

131 1430 208 1467 quo
220 1423 260 1454 te
275 1429 441 1465 cumque
453 1415 560 1452 lacus
572 1418 826 1452 miserantem
839 1416 1085 1452 incommoda
1097 1422 1229 1454 nostra

133 1476 242 1512 fonte
262 1480 389 1520 tenet,
407 1487 655 1524 quocumque
675 1474 756 1511 solo
776 1474 1060 1523 pulcherrimus
1080 1478 1176 1522 exis,
1259 1478 1306 1515 75

131 1547 286 1583 semper
305 1533 453 1570 honore
472 1546 574 1578 meo,
594 1546 750 1582 semper
770 1532 1021 1570 celebrabere
1041 1533 1166 1580 donis,

132 1596 309 1642 corniger
331 1592 599 1641 Hesperidum
620 1592 755 1629 fluvius
774 1597 959 1641 regnator
978 1606 1175 1643 aquarum.

132 1652 232 1689 adsis
252 1665 273 1688 0
293 1656 449 1688 tantum
471 1656 512 1688 et
531 1654 690 1701 propius
710 1656 779 1688 tua
798 1654 960 1688 numina
981 1651 1146 1689 firmes.”

130 1714 183 1748 sic
203 1716 407 1756 memorat,
427 1713 683 1760 geminasque
702 1710 802 1759 legit
821 1710 871 1747 de
891 1710 1012 1747 classe
1033 1711 1190 1749 biremis

131 1772 372 1819 remigioque
392 1774 515 1819 aptat,
536 1772 658 1806 socios
678 1768 793 1806 simul
812 1771 972 1807 instruit
990 1773 1118 1807 armis.
1258 1776 1308 1809 80

173 1865 200 1885 ⁵⁶
224 1865 361 1897 foedere
377 1866 438 1905 Py,
458 1865 573 1897 known
588 1869 620 1897 to
635 1864 781 1897 Servius.

173 1909 200 1970 Ξῖ
224 1908 536 1982 εὲῑῑῑῑῆῖέῄΨ
551 1907 614 1940 ²¹1¹·
798 1908 828 1970 ῑῑ
850 1909 1099 1982 assarta

172 1994 201 2014 ⁷⁸
223 1961 382 2036 propi-lius
397 1975 451 2034 Pf,
470 1993 586 2026 known
600 1998 631 2026 to
647 1993 793 2027 Servius.
1047 1974 1054 1983 .

129 2036 179 2075 64
