1399 2271
633 84 824 121 VIRGIL

135 184 358 209 successum
377 171 452 208 dea
471 171 555 208 dira
573 178 705 222 negat.
763 177 848 209 tum
869 177 1029 222 pectore
1048 184 1185 209 sensus

136 236 345 268 vertuntur
363 234 458 267 varii
472 244 481 274 ;
512 231 678 268 Rutulos
696 237 876 281 aspectat
896 236 938 269 et
956 232 1094 268 urbem
1237 234 1313 273 915

136 294 423 340 cunctaturque
443 296 554 326 metu
573 290 779 340 telumque
799 293 947 327 instare
966 293 1183 336 tremescit,

136 362 210 386 nec
228 362 306 399 quo
325 362 367 386 se
388 352 540 399 eripiat,
561 362 636 387 nec
656 362 732 399 qua
753 352 790 385 vi
809 349 951 386 tendat
970 352 1011 385 in
1031 349 1200 394 hostem,

135 421 210 445 nec
229 421 363 445 currus
382 421 547 458 usquam
569 408 676 445 videt
696 411 919 458 aurigamve
939 421 1120 445 sororem.

189 467 403 504 Cunctanti
422 467 548 504 telum
570 468 726 504 Aeneas
746 467 867 504 fatale
888 472 1078 512 coruscat,

135 529 297 563 sortitus
320 526 519 563 fortunam
545 526 679 572 oculis,
698 532 739 563 et
760 538 922 575 corpore
940 531 1026 563 toto
1240 528 1317 568 920

136 587 290 622 eminus
308 588 523 635 intorquet.
581 584 721 622 murali
742 587 896 622 concita
916 596 1131 634 numquam

135 649 336 681 tormento
356 647 410 681 sic
430 658 522 681 saxa
541 644 729 689 fremunt,
751 657 824 681 nec
844 643 1011 680 fulmine
1031 646 1134 680 tanti

136 703 350 740 dissultant
369 707 553 754 crepitus.
610 704 716 740 volat
736 706 812 740 atri
830 704 1000 740 turbinis
1018 705 1142 739 instar

137 765 302 799 exitium
322 762 451 799 dirum
471 762 585 800 hasta
604 762 736 800 ferens
757 775 921 813 orasque
942 761 1112 799 recludit

137 822 278 858 loricae
299 827 340 859 et
360 822 476 872 clipei
497 828 695 859 extremos
716 822 986 871 septemplicis
1006 822 1121 857 orbis.
1241 824 1316 863 925

137 894 207 930 per
224 880 400 918 medium
420 882 592 918 stridens
612 884 754 919 transit
773 881 912 918 femur.
956 880 1097 917 incidit
1111 883 1212 917 ictus

137 943 278 989 ingens
297 940 347 977 ad
367 946 513 977 terram
534 941 736 990 duplicato
755 940 907 989 poplite
927 939 1094 976 Turnus.

136 1004 380 1048 consurgunt
400 1002 552 1049 gemitu
577 999 711 1036 Rutuli
729 1004 917 1048 totusque
936 1000 1112 1047 remugit

137 1071 248 1095 mons
263 1061 408 1094 circum
423 1064 463 1095 et
476 1071 612 1095 vocem
624 1057 705 1095 late
717 1071 878 1094 nemora
893 1057 973 1094 alta
988 1060 1210 1094 remittunt.

137 1116 204 1153 ille
228 1116 388 1153 humilis
414 1117 661 1167 supplexque
687 1116 819 1154 oculos
845 1116 1105 1165 dextramque
1125 1128 1213 1165 pre-

243 1181 402 1212 cantem
1241 1178 1318 1217 930

137 1234 380 1284 protendens
396 1235 614 1285 “equidem
628 1237 765 1280 merui,
778 1247 852 1271 nec
873 1232 1102 1283 deprecor,''
1118 1235 1264 1283 inquit:

138 1298 163 1314 “
176 1299 288 1331 utere
307 1299 413 1330 sorte
432 1299 511 1331 tua.
570 1296 702 1331 miseri
722 1299 764 1330 te
784 1296 816 1330 si
834 1306 912 1344 qua
931 1294 1108 1342 parentis

137 1358 303 1402 tangere
324 1365 415 1388 cura
434 1358 580 1402 potest,
601 1365 668 1389 oro
687 1351 782 1404 (fuit
802 1357 844 1389 et
863 1352 937 1389 tibi
956 1351 1046 1388 talis

137 1411 332 1448 Anchises
351 1414 540 1461 genitor),
561 1411 693 1448 Dauni
711 1414 900 1449 miserere
919 1415 1105 1447 senectae

137 1476 178 1508 et
197 1484 274 1516 me,
294 1484 363 1508 seu
384 1484 523 1520 corpus
544 1470 755 1520 spoliatum
773 1469 924 1506 lumine
944 1472 1078 1514 mavis,
1240 1472 1316 1511 935

136 1529 259 1567 redde
278 1532 387 1567 meis.
445 1532 573 1566 vicisti
594 1534 636 1567 et
654 1532 803 1565 victum
822 1528 990 1565 tendere
1009 1527 1158 1577 palmas

136 1590 301 1626 Ausonii
319 1588 478 1632 videre3
506 1594 575 1625 tua
595 1593 655 1625 est
677 1588 839 1624 Lavinia
859 1590 1027 1624 conjunx
1044 1600 1052 1623 :

137 1648 302 1685 ulterius
320 1661 372 1685 ne
392 1647 515 1685 tende
535 1647 671 1684 odiis-''
729 1650 843 1683 stetit
861 1659 951 1683 acer
965 1649 1006 1682 in
1024 1648 1142 1682 arrm's

138 1708 307 1753 Aeneas,
322 1706 482 1744 volvens
503 1706 649 1752 oculos,
668 1706 929 1755 dextramque
948 1706 1160 1754 repressit3
1263 1715 1316 1740 ΜΡ

136 1771 178 1804 et
197 1768 274 1802 iam
294 1769 450 1816 iamque
469 1768 594 1815 magis
614 1770 871 1802 cunctantem
889 1763 1049 1801 flectere
1068 1776 1197 1800 sermo
1238 1767 1314 1806 940

136 1830 334 1874 coeperat,
354 1824 491 1862 infelix
512 1837 648 1861 umero
667 1837 756 1861 cum
775 1826 958 1873 apparuit
974 1822 1056 1859 alto

137 1884 291 1920 balteus
310 1890 351 1920 et
371 1887 476 1921 notis
494 1883 692 1921 fulserunt
711 1881 869 1931 cingula
887 1881 1003 1918 bullis

309 1957 350 1976 ⁹¹⁶
377 1956 550 1998 letumque
568 1957 604 1987 P.
731 1955 776 1974 ⁹¹³
800 1955 868 1993 xe]
886 1964 963 1995 -que
979 1955 1041 1991 E7.

309 1999 353 2019 ⁵²¹
376 2006 475 2031 tanto
491 1999 528 2031 P.
729 1998 773 2016 ⁰³⁰
795 1997 940 2039 supplex
956 1996 1072 2028 oculo·
1085 1995 1192 2035 Pie-7³.

139 2040 213 2080 362
