1399 2271
658 96 847 134 VIRGiL

222 184 414 220 Iunonem
435 188 585 220 interea
605 185 817 234 compellat
838 185 1016 233 luppiter
1037 185 1162 222 ultro:

168 247 191 263 “
204 256 226 278 o
241 256 427 291 germana
441 242 537 278 mihi
549 248 668 292 atque
682 244 821 280 eadem
833 246 1055 292 gratissima
1067 246 1251 290 coniunx,

168 307 211 338 ut
231 303 379 348 rebare,
402 302 534 339 Venus
554 302 645 353 (nec
665 308 706 339 te
726 305 926 339 sententia
946 302 1064 353 fallit)

167 361 352 398 Troianas
371 366 569 398 sustentat
588 375 694 410 opes,
714 375 794 398 non
813 362 941 398 vivida
960 362 1064 398 bello

166 421 305 457 dextra
321 424 410 457 viris
429 424 660 470 animusque
680 421 789 457 ferox
810 424 1043 471 patiensque
1059 421 1233 471 pericli.'’
1265 420 1341 458 610

166 483 227 515 cui
242 479 340 515 Iuno
353 480 541 516 submissa
557 493 564 500 ·
589 480 727 529 “quid,
741 493 762 516 ο
776 479 1038 528 pulcherrime
1051 483 1235 526 coniunx,

165 539 349 575 sollicitas
369 552 526 588 aegram
547 544 587 575 et
608 544 676 575 tua
695 543 822 576 tristia
840 543 943 576 iussa
961 541 1201 576 timentem?

165 601 195 634 si
208 598 316 643 mihi,
330 611 429 648 quae
442 598 639 647 quondam
653 598 783 635 fuerat
796 611 992 648 quamque
1005 611 1089 635 esse
1103 598 1285 645 decebat,

166 660 220 694 vis
235 660 275 693 in
290 670 422 694 amore
439 657 553 703 foret,
570 671 649 693 non
669 657 743 693 hoc
758 657 855 693 mihi
871 670 1041 707 namque
1056 671 1237 706 negares,

164 719 429 765 omnipotens,
449 719 543 765 quin
564 721 606 752 et
625 729 781 765 pugnae
802 716 1021 753 subducere
1041 716 1218 763 Turnum
1265 716 1340 754 615

165 780 207 812 et
227 775 368 811 Dauno
387 788 540 824 possem
562 775 800 811 ineolumem
821 788 973 811 servare
995 778 1158 824 parenti.

164 847 269 870 nunc
285 839 423 883 pereat
437 833 677 883 Teucrisque
694 837 758 882 pio
774 833 844 870 det
859 836 1050 882 sanguine
1067 847 1226 883 poenas.

165 893 230 930 ille
251 899 385 929 tamen
406 898 539 929 nostra
559 893 723 929 deducit
743 896 894 942 origine
915 906 1072 938 nomen,

167 952 448 1001 Pilumnusque
469 951 525 987 illi
547 957 708 1001 quartus
729 957 853 1000 pater,
875 957 916 989 et
936 957 1004 988 tua
1024 953 1130 1001 larga

164 1024 281 1060 saepe
302 1025 420 1047 manu
441 1010 654 1060 multisque
675 1014 853 1047 oneravit
871 1011 1006 1046 limina
1026 1010 1180 1048 donis.''
1266 1009 1342 1048 620

218 1070 287 1105 Cui
308 1082 376 1105 rex
396 1069 563 1106 aetherii
583 1070 756 1105 breviter
776 1072 829 1105 sic
851 1069 956 1106 fatur
975 1069 1162 1119 Olympi:

165 1131 233 1165 “Si
253 1142 360 1164 mora
380 1131 599 1177 praesentis
619 1128 690 1164 leti
712 1133 948 1178 tempusque
969 1128 1117 1164 caduco

165 1193 296 1224 oratur
315 1190 447 1224 iuveni
467 1200 610 1236 meque
630 1187 705 1223 hoc
726 1190 780 1223 ita
799 1200 947 1236 ponere
967 1191 1104 1233 sentis,

165 1247 261 1284 tolle
281 1247 374 1296 fuga
394 1247 570 1283 Turnum
591 1252 710 1296 atque
731 1247 969 1283 instantibus
989 1250 1097 1296 eripe
1120 1247 1218 1284 fatis.

166 1305 357 1342 hactenus
377 1305 585 1341 indulsisse
605 1310 727 1341 vacat.
785 1308 844 1341 sin
865 1305 980 1341 altior
999 1308 1082 1342 istis
1265 1304 1340 1342 6⁶25

165 1365 237 1400 sub
257 1365 437 1413 precibus
458 1367 570 1400 venia
591 1364 668 1400 ulla
688 1364 788 1400 latet
807 1369 1016 1413 totumque
1036 1367 1183 1400 moveri

165 1426 357 1459 mutarive
378 1428 492 1472 putas
512 1422 674 1468 bellum,
695 1435 783 1471 spes
804 1425 928 1471 pascis
948 1422 1111 1459 i11anis.''

219 1483 272 1519 Et
287 1483 385 1518 Iuno
400 1482 677 1518 adlacrimans:
697 1482 834 1531 “quid,
849 1485 892 1527 si,
907 1495 1006 1531 quae
1021 1494 1114 1518 voce
1127 1486 1312 1531 gravaris,

165 1546 301 1578 mente
317 1541 430 1577 dares
445 1546 565 1590 atque
580 1540 677 1577 haec
693 1540 825 1576 Turno
842 1545 924 1576 rata
937 1544 1016 1577 vita
1028 1543 1234 1578 maneret?

165 1614 270 1637 nunc
290 1605 426 1636 manet
445 1603 644 1636 insontem
663 1603 790 1649 gravis
811 1603 951 1645 exitus,
971 1605 1040 1636 aut
1060 1613 1135 1649 ego
1154 1603 1235 1637 veri
1265 1599 1341 1637 630

165 1673 264 1695 vana
283 1659 397 1696 feror.
456 1658 560 1708 quod
581 1664 626 1695 ut
645 1671 668 1694 o
687 1661 817 1707 potius
837 1658 1046 1696 formidine
1066 1658 1162 1695 falsa

165 1718 277 1754 ludar
297 1723 338 1755 et
357 1721 396 1753 in
415 1718 556 1754 melius
576 1722 656 1763 tua,
672 1720 737 1767 qui
758 1723 883 1766 potes,
904 1731 989 1754 orsa
1007 1717 1234 1755 reflectas!”

220 1777 332 1814 Haec
354 1778 418 1813 ubi
439 1776 545 1813 dicta
563 1776 688 1822 dedit,
709 1776 818 1813 caelo
837 1789 879 1813 se
898 1779 1077 1826 protinus
1097 1776 1178 1813 alto

166 1839 272 1873 misit
289 1849 411 1886 agens
432 1835 604 1872 hiemem
624 1836 758 1872 nimbo
777 1838 977 1873 succincta
995 1849 1066 1885 per
1085 1849 1209 1883 auras,

231 1956 275 1975 ⁶¹²
298 1956 403 1994 iussa]
420 1955 514 1986 dieta
530 1956 619 1995 Pley.
692 1955 734 1974 ⁵¹⁷
759 1955 829 1996 pio]
846 1966 906 1986 suo
923 1955 1037 1986 known
1054 1959 1084 1986 to
1101 1955 1244 1987 Servius.

229 1998 273 2018 ⁶¹³
295 1998 444 2030 deducet
460 1999 535 2039 1⁷7¹.
693 1999 735 2019 ⁸³²¹
762 1998 853 2030 fatus
870 1999 962 2030 mle.
1074 1999 1117 2018 ‘²³
1141 1998 1224 2030 data
1240 2000 1279 2031 R.

167 2047 242 2079 212
