1399 2271
599 47 789 86 VIRGIL

107 136 264 173 vocibus
283 135 343 172 his
362 134 495 172 adfata
516 135 673 173 Iovem:
702 139 726 157 “
738 135 800 181 da,
820 141 926 180 nate,
946 136 1114 184 petenti,

107 198 211 247 quod
230 203 299 235 tua
318 210 405 234 cara
424 210 566 247 parens
587 197 737 234 domito
757 202 798 234 te
818 199 944 246 poscit
964 196 1146 245 Olympo.

107 263 224 310 pinea
243 259 339 297 silva
357 259 466 305 mihi,
486 259 631 296 multos
651 259 797 296 dilecta
817 271 887 308 per
906 271 1042 303 annos,
1232 261 1278 294 85

107 323 217 359 lucus
235 324 276 358 in
295 334 383 358 arce
403 321 480 358 fuit
498 334 661 366 summa,
681 334 758 370 quo
778 333 885 357 sacra
903 319 1097 365 ferebant,

108 386 280 434 nigranti
299 386 411 432 picea
430 383 685 432 trabibusque
705 383 891 419 obscurus
911 384 1085 418 acernis:

109 446 177 483 has
197 458 272 495 ego
294 445 493 481 Dardanio
512 446 657 489 iuveni,
679 457 767 481 eum
787 443 918 480 classis
938 447 1089 492 egeret,

108 508 212 545 laeta
231 507 346 551 dedi;
375 520 480 543 nunc
499 506 707 543 sollicitam
725 508 844 542 timor
862 507 999 541 anxius
1019 506 1140 553 angit.

109 570 214 606 solve
226 574 356 606 metus
369 573 487 618 atque
500 568 574 605 hoc
587 568 768 617 precibus
781 569 864 604 sine
878 570 1217 616 posseparentem,
1233 568 1282 606 90

109 644 160 668 ne
179 643 292 668 eursu
312 635 516 680 quassatae
536 629 616 666 ullo
635 642 713 666 neu
732 629 892 666 turbine
910 630 1020 665 venti

110 695 339 735 vincantur;
367 693 490 740 prosit
509 693 651 727 nostris
671 693 712 726 in
730 690 930 727 montibus
949 688 1090 726 ortas.”

165 753 284 790 Filius
303 753 395 789 huic
416 757 565 798 contra,
585 757 746 801 torquet
765 754 832 801 qui
852 750 981 788 sidera
999 750 1137 787 mundi
1153 762 1161 787 :

112 820 135 837 “
147 828 169 852 o
183 817 380 864 genetrix,
396 826 473 864 quo
489 814 569 850 fata
585 814 725 850 vocas?
771 818 839 850 aut
855 812 949 863 quid
964 815 1067 862 petis
1082 813 1193 849 istis?

110 876 318 914 mortaline
338 888 456 912 manu
477 875 604 912 factae
625 874 846 912 immortale
866 877 1019 911 carinae
1234 877 1282 916 95

112 939 168 976 fas
187 938 386 975 habeant?
416 942 626 987 certusque
645 940 797 974 ineerta
815 937 988 986 pericula
1006 937 1150 974 lustret

112 1001 296 1038 Aeneas?
325 1002 387 1036 cui
406 1004 517 1036 tanta
536 998 612 1036 deo
632 1001 820 1048 permissa
838 999 1040 1048 potestas?

112 1065 231 1098 immo
250 1062 317 1098 ubi
337 1061 550 1098 defunctae
571 1061 690 1097 finem
709 1065 924 1110 portusque
944 1060 1142 1097 tenebunt

113 1125 306 1160 Ausonios
325 1123 430 1168 olim,
451 1135 722 1172 quaecumque
743 1124 911 1159 evaserit
929 1121 1044 1158 undis

114 1185 435 1234 Dardaniumque
455 1184 597 1221 ducem
619 1183 831 1221 Laurentia
850 1187 1003 1220 vexerit
1022 1196 1125 1230 arva,
1215 1187 1286 1220 100

112 1246 318 1283 mortalem
338 1248 499 1295 eripiam
519 1245 683 1282 formam
701 1247 914 1295 magnique
933 1245 1078 1282 iubebo

113 1310 290 1359 aequoris
311 1320 396 1344 esse
416 1307 522 1353 deas,
542 1306 667 1356 qualis
688 1306 832 1343 Nereia
853 1307 958 1343 Doto

113 1376 155 1407 et
175 1369 340 1406 Galatea
360 1373 496 1405 secant
515 1372 766 1417 spumantem
785 1373 947 1417 pectore
966 1367 1172 1417 pontum.”

113 1432 278 1476 dixerat,
298 1430 417 1480 idque
437 1435 566 1467 ratum
587 1429 715 1480 Stygii
734 1442 804 1478 per
824 1429 983 1466 flumina
1003 1430 1146 1476 fratris,

113 1509 183 1545 per
202 1498 289 1546 pice
308 1497 496 1532 torrentis
513 1499 677 1543 atraque
697 1496 882 1543 voragine
902 1497 1004 1544 ripas
1216 1498 1286 1531 105

113 1558 252 1594 adnuit
271 1562 313 1594 et
331 1562 459 1594 totum
480 1561 581 1594 nutu
601 1555 828 1593 tremefecit
848 1556 1075 1606 Olympum.

166 1620 270 1668 Ergo
289 1619 426 1655 aderat
444 1620 630 1667 promissa
651 1617 735 1654 dies
755 1623 797 1655 et
816 1623 994 1667 tempora
1016 1619 1156 1655 Parcae

112 1682 247 1719 debita
266 1681 522 1730 complerant,
544 1694 632 1717 cum
652 1680 774 1716 Turni
793 1683 933 1717 iniuria
954 1681 1125 1718 Matrem

113 1744 318 1780 admonuit
337 1744 484 1779 ratibus
504 1745 620 1779 sacris
642 1741 844 1791 depellere
864 1742 1010 1779 taedas.

114 1806 175 1842 hic
194 1808 363 1855 primum
383 1817 483 1841 nova
504 1804 570 1841 lux
591 1803 712 1840 oculis
732 1803 878 1840 offulsit
898 1809 939 1841 et
958 1807 1099 1853 ingens
1215 1808 1287 1841 110

243 1937 272 1956 ⁹⁰
294 1939 477 1978 parentum
493 1936 555 1967 w.
648 1936 676 1955 ⁹¹
699 1945 765 1966 neu
783 1937 857 1967 MR.
953 1937 994 1957 ¹⁰³
1019 1937 1068 1976 et]
1084 1939 1155 1968 aut.

118 2001 190 2035 112
