1399 2271
603 104 794 142 VIRGIL

113 193 253 241 quibus
273 191 448 241 repletus
469 197 510 228 et
530 191 702 230 salivosis
720 195 843 243 aquis,

165 245 324 282 obesam
342 245 393 282 ad
412 258 573 282 uxorem
593 245 696 283 redis
1238 253 1288 286 30

113 304 154 335 et
173 304 400 336 aestuantes
419 299 514 336 dote
534 299 650 336 solvis
669 303 861 349 pantices,

164 365 333 402 osusque
352 353 492 390 lambis
511 355 635 390 saviis.

111 419 217 443 nunc
237 406 363 451 laede,
384 419 489 443 nunc
508 405 670 452 lacesse,
689 409 721 444 si
740 409 950 458 quicquam
969 408 1098 446 vales!

164 465 207 497 et
225 473 371 496 nomen
390 459 569 496 adscribo
588 465 714 498 tuum.

112 513 276 550 cinaede
296 512 485 558 Luciene,
506 513 708 563 liquerunt
727 527 822 563 opes
1239 520 1288 553 35

163 567 348 617 fameque
366 570 530 616 genuini
549 572 724 616 crepant.

111 621 254 658 videbo
272 620 489 657 habentem
508 626 666 670 praeter
683 623 844 670 ignavos
864 621 962 658 nihil

163 674 305 711 fratres
324 680 366 711 et
385 677 528 711 iratum
549 674 686 711 Iovem
745 696 748 700 ·

111 730 353 777 scissumque
372 733 554 765 ventrem
574 733 616 765 et
635 728 809 765 hirneosi
828 731 959 778 patrui

164 781 287 831 pedes
306 781 438 818 inedia
457 781 646 831 turgidos.
1240 788 1290 820 40

638 942 767 979 XIIIA

113 1030 281 1065 Catum
300 1032 431 1078 imago
450 1029 522 1065 sub
542 1027 615 1065 hac
636 1028 751 1077 (caeli
770 1034 831 1066 est
851 1031 1005 1079 iniuria)
1027 1030 1136 1076 sede,

164 1085 348 1132 antiquis,
370 1083 526 1132 hospes,
545 1095 625 1118 non
644 1085 772 1119 minor
791 1085 973 1131 ingeniis,

113 1142 154 1172 et
174 1149 252 1186 quo
275 1137 396 1172 Roma
414 1139 496 1172 viro
516 1135 643 1172 doctis
663 1141 835 1173 certaret
856 1137 1052 1174 Athenis:

165 1189 293 1226 ferrea
312 1189 382 1226 sed
402 1189 499 1225 nulli
520 1192 678 1226 vincere
698 1189 779 1226 fata
799 1190 924 1226 datur.

653 1345 749 1381 XIV

113 1434 154 1472 Ξῖ
174 1433 271 1471 mihi
291 1438 518 1482 susceptum
537 1432 658 1469 fuerit
677 1432 886 1470 decurrere
906 1446 1063 1478 munus,

166 1501 188 1524 o
211 1487 386 1537 Paphon,
406 1500 429 1523 ο
448 1486 562 1523 sedes
581 1499 682 1536 quae
703 1486 796 1522 colis
819 1486 974 1532 Idalias,

113 1542 251 1578 Troius
272 1542 430 1578 Aeneas
452 1540 630 1576 Romana,
644 1552 716 1588 per
735 1539 879 1588 oppida
899 1540 1019 1590 digno

166 1598 243 1631 iam
262 1594 425 1631 tandem
445 1599 491 1630 ut.
509 1599 643 1630 tecum
663 1595 836 1629 carmine
856 1598 992 1630 vectus
1013 1599 1102 1631 eat:

156 1706 258 1737 XIII.
286 1705 314 1724 ²⁹
337 1706 387 1744 et]
403 1710 442 1736 ut
459 1709 494 1736 n.

157 1749 185 1768 ³1
208 1749 289 1779 dote
306 1748 349 1778 M
350 1748 420 1779 HA
436 1758 448 1779 .·
470 1751 571 1778 nocte
587 1746 757 1786 Scaliger:
779 1745 880 1778 docte
898 1746 937 1778 Β.

156 1792 185 1811 ³²
207 1791 385 1832 scelusque
400 1790 488 1822 Birt.

157 1835 185 1854 ³⁵
209 1833 350 1865 cinaede
368 1833 516 1864 Luciene
532 1832 717 1864 Bz'c'cheler:
738 1831 822 1865 Cine
837 1832 971 1864 delueci
987 1833 1019 1864 ia
1035 1838 1080 1864 te.

155 1877 281 1909 XIIIA.
310 1876 352 1908 In
369 1877 401 1907 Z
413 1876 478 1907 this
498 1876 651 1916 epiyram
666 1875 696 1907 ia
702 1875 820 1915 found
833 1877 924 1915 after
939 1885 1021 1907 xm.
1041 1877 1090 1908 16.

157 1921 170 1940 ¹
192 1919 325 1952 Callide
339 1918 484 1959 (Allide)
500 1929 598 1968 mage
613 1931 621 1950 :
645 1917 780 1951 callida
796 1918 875 1950 Birt
886 1928 899 1950 .·
919 1918 1033 1961 imago
1047 1918 1209 1951 Be'icheler
1221 1920 1293 1952 ana

113 1963 201 1995 Birt.
251 1961 330 1994 sede
347 1962 449 1993 Birt:
470 1961 573 1993 sacch
590 1961 687 1992 MSS.
736 1960 872 1992 Pallida
895 1961 983 1993 mole
1006 1961 1070 1993 sub
1087 1962 1150 1993 hac
1165 1962 1293 1994 celavit

113 2005 264 2037 membra
291 2004 468 2038 Secundus
494 2003 586 2035 Riese
646 2003 796 2035 Palladis
827 2014 904 2035 arce
935 2004 999 2035 sub
1029 2005 1091 2036 hac
1125 2005 1208 2037 Itali
1239 2011 1292 2037 est

115 2048 189 2086 506
