1399 2271
621 66 812 104 VIRGIL

131 154 354 191 discurrunt
373 155 602 203 variantque
623 156 726 191 vices
746 153 899 205 fusique
920 168 990 205 per
1009 155 1171 194 herbam

130 213 341 263 indulgent
359 216 448 250 vino
468 218 510 250 et
529 218 690 251 vertunt
709 219 878 251 crateras
898 219 1026 252 aenos.
1225 227 1302 252 Men

130 272 341 310 conlucent
359 275 485 322 ignes,
504 277 662 310 noctem
683 273 859 310 custodia
879 273 989 311 ducit
1231 273 1302 311 166

129 336 348 370 insomnem
366 332 470 369 ludo.

183 392 295 428 Haec
314 405 431 441 super
452 405 473 428 e
494 392 594 428 vallo
613 398 868 441 prospectant
886 393 1007 430 Troes
1027 399 1069 430 et
1089 396 1204 430 armis

128 452 207 488 alta
225 456 380 497 tenent,
400 464 473 488 nec
493 464 573 487 non
592 452 737 500 trepidi
758 451 967 489 formidine
987 459 1118 502 portas

129 511 336 560 explorant
354 513 564 560 pontisque
585 515 626 547 et
645 511 938 559 propugnacula
957 514 1141 560 iungunt,
1230 514 1301 551 170

130 569 208 606 tela
226 574 383 618 gerunt.
440 572 563 606 instat
584 570 818 606 Mnestheus
838 584 1004 620 acerque
1026 570 1219 616 Serestus,

128 641 224 678 quos
244 633 355 677 pater
375 627 544 673 Aeneas,
562 630 593 664 si
613 628 770 678 quando
790 628 981 665 adversim.
972 634 1169 674 vocarent,

127 692 299 724 rectores
318 690 504 723 iuvenum
524 691 566 723 et
585 699 715 724 rerum
735 687 848 724 dedit
867 699 952 724 esse
972 690 1190 752 magistlffos

127 749 252 782 omnis
273 759 342 795 per
360 758 490 782 muros
509 745 626 795 leoio,
647 748 785 782 sortita
805 746 1007 794 periclum,

128 806 296 842 excubat
308 810 545 854 exercetque
558 807 673 849 vices,
683 804 787 854 quod
800 807 940 855 cuique
953 805 1146 842 tuendum
1160 811 1229 843 est.

180 865 297 901 Nisus
318 869 403 900 erat
422 868 558 912 portae
579 868 721 908 custos,
741 866 951 900 acerrimus
971 867 1100 910 armis,
1230 864 1302 904 176

129 922 380 973 Hyrtacides,
400 924 584 958 comitem
604 922 766 958 Aeneae
786 935 904 972 quem
923 925 1082 960 miserat
1105 923 1174 960 Ida

127 985 316 1028 venatrix,
336 981 462 1018 iaculo
482 981 652 1018 celerem
672 981 902 1031 levibusque
922 985 1088 1031 sagittis,

127 1047 168 1079 et
187 1045 296 1078 iuxta
315 1054 444 1078 comes
464 1040 668 1090 Euryalus,
690 1053 766 1090 quo
787 1041 984 1090 pulchrior
1003 1042 1104 1078 alt-er

126 1114 205 1137 non
223 1100 300 1137 fuit
320 1100 553 1137 Aeneadum
574 1100 741 1136 Troiana
760 1113 890 1149 neque
911 1100 1041 1137 induit
1060 1114 1178 1147 arma,
1230 1105 1301 1138 180

126 1173 191 1196 ora
210 1172 307 1209 puer
327 1162 451 1208 prima
470 1161 628 1208 signans
649 1162 805 1195 intonsa
824 1162 995 1196 iuventa.

126 1219 185 1255 his
204 1231 311 1255 amor
330 1231 430 1255 unus
451 1224 535 1255 erat
553 1221 778 1267 pariterque
798 1220 838 1253 in
859 1218 961 1254 bella
982 1219 1173 1263 ruebant;

127 1284 210 1315 tum
230 1290 386 1327 quoque
405 1279 602 1313 communi
622 1282 776 1325 portam
796 1279 967 1313 statione
987 1278 1192 1314 tenebant.

128 1337 243 1373 Nisus
259 1339 314 1373 ait
328 1351 335 1373 ε
357 1340 381 1357 “
393 1336 486 1373 dine
501 1335 606 1372 hunc
622 1335 801 1372 ardorem
817 1336 1016 1372 mentibus
1029 1336 1194 1380 addunt,

127 1395 308 1446 Euryale,
328 1408 377 1431 an
397 1407 465 1431 sua
485 1397 625 1444 cuique
645 1394 742 1431 deus
763 1394 806 1431 fit
826 1394 909 1430 dira
929 1395 1099 1443 cupido?
1231 1399 1300 1432 185

125 1460 193 1491 aut
205 1467 377 1504 pugnam
390 1459 458 1490 aut
469 1453 617 1503 aliquid
629 1453 857 1489 iamdudum
871 1453 1054 1490 invadere
1067 1467 1253 1503 magnum

125 1526 236 1551 mens
255 1516 380 1562 agitat
400 1512 508 1558 mihi,
529 1525 602 1549 nec
622 1512 774 1561 placida
794 1516 982 1548 contenta
1003 1515 1137 1561 quiete
1158 1518 1229 1550 est.

126 1575 264 1617 cernis,
285 1585 384 1622 quae
406 1571 571 1608 Rutulos
590 1571 736 1608 habeat
755 1570 895 1607 fiducia
915 1583 1056 1607 rerum.

125 1632 272 1668 lumina
292 1644 375 1668 rara
393 1634 554 1675 micant,
574 1643 709 1666 somno
730 1632 899 1679 vinoque
919 1629 1036 1666 soluti

125 1691 380 1740 procubuere,
399 1690 518 1726 silent
536 1689 616 1726 late
636 1689 730 1726 loca.
788 1691 947 1738 percipe
967 1702 1094 1738 porro,
1227 1694 1299 1732 190

124 1750 218 1800 quid
230 1750 409 1786 dubitem
423 1754 464 1786 et
476 1762 575 1798 quae
589 1761 694 1785 nunc
706 1750 836 1784 animo
849 1751 1048 1784 sententia
1064 1753 1208 1798 surgat.

125 1810 289 1846 Aenean
308 1810 422 1845 acciri
442 1821 590 1853 omnes,
610 1807 856 1857 populusque
876 1812 1099 1856 patresque,

251 1927 294 1947 ¹⁷¹
318 1927 450 1957 instant
465 1927 542 1957 MR.
646 1926 689 1946 ²⁷³
712 1926 826 1957 iuveni
843 1925 959 1957 known
976 1930 1006 1957 to
1022 1925 1166 1959 Servius,

251 1970 293 1989 ¹⁸⁹
318 1969 444 2011 sepulti
461 1968 605 2000 Servius.

127 2019 139 2049 1
149 2019 197 2050 24
