1399 2271
598 73 789 109 VIRGIL

108 159 202 196 lusit
220 164 262 197 et
283 162 323 196 in
342 158 467 196 solido
485 171 617 196 rursus
638 159 810 195 Fortuna
827 158 981 196 locavit.

109 233 187 255 non
208 221 283 256 erit
301 219 445 255 auxilio
464 218 578 255 nobis
597 218 763 255 Aetolus
783 223 825 255 et
845 218 965 267 Arpi:

108 283 149 314 at
169 278 372 326 Messapus
392 279 468 314 erit
484 276 660 326 felixque
673 276 904 313 Tolumnius
923 282 966 314 et
984 290 1081 326 quos

109 342 170 373 tot
187 336 320 386 populi
342 338 483 373 misere
503 335 636 381 duces,
656 348 730 372 nec
749 349 867 385 parva
887 341 1075 386 sequetur
1205 341 1282 373 430

108 396 231 446 gloria
248 395 425 432 delectos
446 394 559 431 Latio
579 399 621 431 et
640 395 903 431 Laurentibus
921 397 1034 443 agris.

108 460 169 492 est
188 459 231 491 et
250 454 478 491 Volscorum
499 456 659 503 egregia
679 453 729 490 de
749 458 872 502 gente
892 453 1066 499 Camilla,

107 527 249 563 agmen
269 526 391 563 agens
411 515 588 562 equitum
610 518 652 549 et
671 512 845 550 florentis
864 526 954 549 aere
975 519 1160 550 catervas.

107 573 209 622 quod
231 575 261 610 si
281 586 345 609 me
364 572 490 609 solum
509 572 650 608 Teucri
670 574 711 608 in
731 574 945 608 certamina
965 577 1133 621 poscunt

107 632 226 681 idque
246 631 378 681 placet
391 636 626 680 tantumque
640 631 751 666 bonis
765 631 1036 666 communibus
1051 631 1176 677 obsto,
1206 635 1280 668 435

108 703 186 726 non
205 689 304 726 adeo
324 689 394 726 has
414 702 530 726 exosa
549 702 687 726 manus
707 689 881 726 Victoria
900 688 1016 738 fugit,

107 755 152 786 ut
169 754 282 786 tanta
300 751 509 798 quicquam
528 760 598 797 pro
617 760 686 796 spe
705 752 903 796 temptare
922 744 1112 785 recusem.

106 809 171 845 ibo
184 810 323 845 animis
339 812 487 853 contra,
502 806 564 843 vel
579 820 765 856 magnum
787 811 963 856 praestet
978 807 1175 844 Achillem

107 868 289 917 factaque
309 866 471 903 Volcani
491 867 671 903 manibus
691 869 797 915 paria
816 866 956 903 induat
974 879 1080 903 arma

106 926 172 963 ille
191 926 297 963 licet.
353 926 462 962 vobis
481 928 651 961 animam
670 925 773 961 hanc
792 938 1004 976 soceroque
1026 925 1168 963 Latino
1205 932 1281 964 440

105 985 261 1022 Turnus
280 997 368 1034 ego,
387 984 492 1021 haud
512 984 581 1020 ulli
601 989 780 1021 veterum
798 986 944 1022 virtute
964 985 1171 1032 secundus,

106 1044 255 1081 devovi.
314 1044 462 1080 ‘solum
482 1044 640 1080 Aeneas
659 1042 797 1080 vocat.’
853 1048 896 1080 et
914 1049 1029 1080 vocet
1048 1057 1128 1090 oro,

106 1117 180 1140 nec
201 1103 378 1139 Drances
398 1105 540 1151 potius,
561 1105 641 1139 sive
662 1107 722 1139 est
742 1102 839 1139 haec
858 1106 913 1139 ira
933 1102 1111 1149 deorum,

106 1167 233 1199 morte
252 1162 349 1208 luat,
368 1164 449 1198 sive
470 1167 531 1199 est
549 1164 672 1198 virtus
692 1166 733 1198 et
752 1161 887 1211 gloria,
907 1162 1059 1199 tollat.”

161 1221 223 1256 Illi
242 1220 340 1257 haec
359 1223 465 1256 inter
483 1233 524 1257 se
545 1220 674 1256 dubiis
693 1220 743 1256 de
764 1221 878 1257 rebus
898 1221 1071 1270 agebant
1204 1227 1279 1260 445

107 1285 328 1317 certantes:
358 1285 484 1316 castra
502 1279 659 1316 Aeneas
678 1281 880 1329 aciemque
900 1281 1096 1318 movebat.

106 1341 269 1375 nuntius
288 1340 443 1387 ingenti
464 1350 534 1387 per
554 1340 662 1386 regia
680 1343 789 1374 tecta
807 1338 981 1374 tumultu

107 1411 199 1435 ecce
218 1400 297 1434 ruit
315 1399 547 1446 magnisque
567 1397 705 1433 urbem
724 1397 938 1433 terroribus
957 1397 1124 1446 implett

107 1459 318 1493 instructos
336 1458 419 1492 acie
439 1455 625 1491 Tiberino
644 1468 665 1490 a
684 1454 844 1491 flumine
864 1455 1035 1492 Teucros

106 1514 430 1564 Tyrrhenamque
449 1527 610 1550 manum
629 1515 723 1550 totis
742 1513 985 1550 descendere
1005 1517 1162 1564 campis.
1204 1520 1280 1553 450

107 1573 308 1623 extemplo
326 1573 476 1610 turbati
493 1574 614 1608 animi
634 1585 899 1622 concussaque
920 1572 1023 1621 volgi

106 1637 267 1681 pectora
286 1636 328 1668 et
345 1636 522 1668 arrectae
542 1631 710 1668 stimulis
729 1631 835 1667 haud
854 1631 1037 1668 mollibus
1056 1634 1146 1669 irae.

105 1705 212 1728 arma
222 1704 341 1727 manu
356 1690 501 1740 trepidi
518 1695 699 1739 poscunt,
710 1689 845 1726 fremit
858 1703 964 1726 arma
979 1693 1174 1737 iuventus,

106 1750 203 1787 flent
213 1751 353 1786 maesti
366 1753 621 1798 mussantque
634 1753 775 1798 patres.
806 1748 870 1784 hic
883 1748 1057 1799 undique
1071 1749 1216 1786 clamor

106 1809 284 1845 dissensu
304 1810 409 1844 vario
427 1820 595 1857 magnus
614 1820 656 1844 se
675 1808 782 1844 tollit
800 1807 849 1844 ad
869 1821 996 1854 auras,
1202 1813 1278 1846 455

107 1867 211 1905 haud
231 1880 342 1904 secus
360 1872 480 1917 atque
498 1866 580 1903 alto
599 1868 639 1902 in
658 1865 747 1903 luco
765 1879 854 1902 cum
874 1865 976 1903 forte
995 1871 1175 1904 catervae

106 1926 321 1964 consedere
338 1927 481 1971 avium,
500 1928 700 1974 piscosove
717 1937 833 1962 amne
856 1924 1031 1963 Padusae

551 1988 595 2008 ⁴⁵⁵
618 1987 677 2028 ad]
693 1988 726 2019 in
744 1989 836 2029 PR7.

108 2022 183 2061 264
