1399 2271
635 45 687 82 VI
699 45 827 82 RGIL

148 132 298 168 adversi
317 131 435 181 longa
453 132 744 169 transverberat
763 133 894 169 abiete
914 138 1063 182 pectus.

148 187 349 234 sanguinis
367 184 434 222 ille
453 198 615 222 vomens
633 188 734 222 rivos
753 186 858 223 cadit
877 191 996 236 atque
1012 193 1214 225 cruentam

148 238 301 275 mandit
313 238 477 274 humum
491 241 740 288 moriensque
753 252 822 276 suo
834 252 875 276 se
888 242 929 275 in
941 240 1100 277 volnere
1114 246 1251 278 versat.

149 297 234 329 tum
248 291 369 327 Lirim
385 292 652 341 Pagasumque
666 305 782 341 super
797 305 804 328 :
824 305 989 342 quorum
1001 293 1102 330 alter
1114 293 1286 331 habenas

152 345 311 382 suffosso
331 345 532 382 revolutus
552 358 653 395 equo
673 345 766 381 dum
787 345 951 395 colligit,
968 346 1069 383 alter
1245 346 1314 386 671

149 399 244 435 dum
262 399 369 435 subit
387 411 431 435 ae
450 398 630 435 dextram
649 398 799 435 labenti
820 399 952 436 tendit
969 402 1174 446 inermem,

150 454 385 501 praecipites
396 454 622 501 pariterque
634 457 764 489 ruunt.
796 452 855 489 his
868 453 980 489 addit
992 453 1217 490 Amastrum

153 505 425 555 Hippotaden,
437 508 691 555 sequiturque
704 506 934 543 incumbens
947 509 1099 544 eminus
1111 507 1223 544 hasta

149 560 353 608 Tereaque
410 558 757 608 Harpalycumque
811 565 853 595 et
914 559 1218 609 Demophoonta

255 613 533 662 Chromimque
547 625 556 656 3
1245 613 1320 654 675

150 671 325 716 quotque
345 668 485 702 emissa
503 679 621 702 manu
641 668 831 702 contorsit
849 666 998 715 spicula
1017 669 1138 716 virgo,

150 724 211 756 tot
232 719 391 768 Phrygii
410 718 588 755 cecidere
608 721 688 755 viri.
747 720 881 768 procul
902 719 1085 770 Ornytus
1097 723 1214 757 armis

151 775 296 820 ignotis
316 777 358 809 et
378 785 479 821 equo
499 777 662 809 venator
684 772 830 822 Iapyge
850 772 987 819 fertur,

150 828 211 862 cui
231 825 345 875 pellis
364 825 464 862 latos
484 838 638 862 umeros
659 831 795 875 erepta
814 828 980 863 iuvenco

149 881 358 928 pugnatori
378 881 518 928 operit,
539 884 657 928 caput
675 881 816 928 ingens
835 882 911 916 oris
931 880 1060 917 hiatus
1246 879 1322 918 680

150 938 192 968 et
210 932 336 969 malae
355 937 492 968 texere
512 932 595 981 lupi
616 945 704 968 cum
724 932 912 969 dentibus
931 933 1042 979 albis,

148 988 393 1035 agrestisque
411 998 550 1022 manus
569 990 695 1022 armat
712 998 870 1035 sparus3
899 989 983 1036 ipse
1003 990 1168 1024 catervis

148 1041 316 1075 vertitur
334 1041 373 1074 in
394 1039 534 1075 mediis
553 1043 595 1075 et
613 1043 698 1075 toto
717 1041 865 1076 vertice
884 1052 1000 1089 supra
1019 1045 1091 1077 est.

148 1092 254 1128 hunc
268 1091 334 1127 illa
347 1097 557 1139 exceptum
570 1091 717 1141 (neque
731 1095 836 1129 enim
849 1092 957 1129 labor
967 1096 1124 1141 agmine
1139 1096 1264 1144 verso)

148 1147 280 1181 traicit
299 1150 340 1181 et
359 1158 477 1194 super
495 1144 592 1181 haec
611 1147 769 1182 inimico
787 1150 949 1194 pectore
969 1146 1097 1184 fatur:
1246 1147 1321 1185 685

150 1202 173 1219 “
185 1198 290 1235 silvis
309 1203 364 1243 te,
383 1197 602 1247 Tyrrhene,
621 1198 723 1235 feras
742 1202 891 1248 agitare
911 1200 1086 1248 putasti?

148 1251 310 1288 advenit
329 1253 396 1301 qui
415 1256 544 1288 vestra
564 1251 648 1288 dies
667 1251 924 1289 muliebribus
942 1256 1059 1289 armis

149 1305 266 1341 verba
277 1305 534 1353 redarguerit.
571 1318 715 1341 nomen
728 1310 863 1342 tamen
875 1305 981 1343 haud
994 1306 1080 1343 leve
1095 1312 1251 1356 patrum

148 1358 329 1394 manibus
347 1357 422 1393 hoc
442 1357 601 1403 referes,
621 1358 702 1394 telo
722 1359 909 1396 cecidisse
929 1359 1152 1397 Camillae.''

203 1411 384 1447 Protinus
414 1410 663 1447 Orsilochum
695 1416 737 1448 et
768 1411 911 1457 Buten,
942 1412 1020 1449 duo
1049 1416 1218 1450 maxima

252 1464 448 1501 Teucrum
1246 1466 1322 1510 690

149 1530 332 1566 corpora:
361 1517 431 1554 sed
452 1516 583 1554 Buten
601 1530 780 1554 aversum
799 1519 960 1568 cuspide
980 1519 1065 1556 fixit
1242 1533 1322 1558 MPR

148 1570 305 1607 loricam
325 1570 557 1620 galeamque
577 1573 695 1617 inter,
714 1584 791 1621 qua
810 1572 909 1608 colla
929 1572 1104 1610 sedentis

148 1624 284 1660 lucent
303 1629 345 1661 et
364 1623 474 1660 laevo
494 1624 699 1673 dependet
717 1637 851 1674 parma
869 1624 1040 1670 lacerto;

148 1677 397 1713 Orsilochum
410 1677 566 1726 fugiens
578 1691 845 1727 magnumque
856 1681 1006 1728 agitata
1017 1692 1088 1728 per
1099 1681 1233 1718 orbem

148 1729 275 1766 eludit
293 1743 390 1779 gyro
408 1733 573 1767 interior
591 1733 847 1781 sequiturque
867 1737 1124 1781 sequentem:
1244 1732 1320 1776 695

146 1788 232 1819 tum
246 1783 413 1819 validam
426 1796 575 1833 perque
587 1797 694 1820 arma
704 1786 786 1820 viro
798 1797 947 1835 perque
961 1798 1045 1822 ossa
1058 1789 1237 1833 securim,

146 1836 261 1873 altior
280 1849 507 1885 exsurgens,
528 1839 655 1874 oranti
676 1841 718 1874 et
736 1837 861 1874 multa
880 1841 1058 1887 precanti

189 1907 233 1925 ⁰⁷¹
256 1906 384 1938 suffuso
399 1908 515 1947 111²sz
531 1908 710 1948 preferred
728 1908 770 1949 by
785 1908 928 1941 Servius.
1020 1910 1065 1929 ⁶⁷²
1086 1910 1232 1944 inertem
1247 1925 1279 1953 γ.

188 1949 233 1968 ‘⁸⁵
256 1950 480 1993 redargueret
495 1952 651 1992 MR(?)7:
673 1951 890 1994 redarguerib
905 1951 1076 1986 Priscian.

147 1996 224 2030 280
