1399 2271
637 76 828 113 VIRGIL

149 167 424 214 congeminat;
452 164 589 201 volnus
610 164 735 201 calido
754 167 857 214 rigat
875 177 941 201 ora
963 165 1135 202 cerebro.

147 227 286 264 incidit
306 226 396 263 huic
416 227 623 276 subitoque
643 232 805 276 aspectu
824 229 985 263 territus
1005 227 1132 263 haesit

149 288 487 339 Appenninicolae
508 288 677 325 bellator
695 288 795 325 filius
815 288 934 334 Auni,
1243 290 1319 328 700

147 351 249 387 haud
266 351 455 400 Ligurum
467 355 680 395 extremus,
693 349 787 386 dum
800 349 936 387 fallere
948 349 1029 387 fata
1042 350 1234 386 sinebant.

147 415 256 462 isque
276 413 341 448 ubi
362 424 404 449 se
423 410 532 448 nullo
551 413 627 447 iam
649 423 762 447 cursu
783 410 950 447 evadere
970 423 1127 460 pugnae

146 486 258 522 posse
277 486 408 523 neque
426 475 643 510 instantem
662 475 839 521 reginam
858 477 1037 509 avertere
1057 474 1196 517 cernit,

145 535 306 572 consilio
325 547 478 571 versare
498 534 607 571 dolos
626 536 823 583 ingressus
843 538 885 570 et
902 539 990 570 astu

144 599 283 646 incipit
297 596 395 633 haec
410 611 418 634 :
439 600 463 617 “
475 596 569 646 quid
585 601 666 632 tam
682 598 900 645 egregium,
913 598 943 632 si
958 595 1105 632 femina
1120 595 1212 632 forti
1243 597 1316 633 705

145 658 230 695 fidis
249 659 378 708 equo?
407 657 564 694 dimitte
586 656 719 706 fugam
739 662 781 693 et
799 662 841 693 te
857 659 1073 693 comminus
1088 669 1214 706 aequo

144 733 298 757 mecum
318 719 434 756 crede
455 719 537 756 solo
556 731 792 768 pugnaeque
811 721 973 768 accinge
993 718 1191 768 pedestri:

144 785 219 818 iam
239 794 388 826 nosces,
408 785 573 817 ventosa
592 779 694 816 ferat
713 782 774 816 cui
795 779 919 829 gloria
937 779 1153 817 f1·audem.'¹

143 843 256 888 dixit,
275 848 317 880 at
335 842 402 879 illa
421 841 555 879 furens
574 844 731 891 acrique
751 855 914 879 accensa
933 841 1067 879 dolore

143 905 264 941 tradit
283 917 428 954 equum
448 906 581 940 comiti
602 904 838 953 paribusque
858 905 1005 940 resistit
1024 906 1063 939 in
1083 907 1211 950 armis,
1243 906 1318 942 710

144 979 237 1003 ense
257 965 379 1014 pedes
399 964 506 1002 nudo
525 977 700 1014 puraque
720 967 901 1001 interrita
921 978 1063 1013 parma.

143 1032 184 1064 at
202 1029 366 1072 iuvenis,
386 1028 522 1062 vicisse
543 1025 633 1062 dolo
653 1030 773 1071 ratus,
792 1026 921 1063 avolat
939 1029 1023 1075 ipse

143 1087 265 1139 (haud
285 1087 409 1136 mora)
429 1088 704 1135 conversisque
723 1086 842 1135 fugax
857 1086 1034 1124 aufertur
1048 1087 1213 1125 habenis

143 1148 518 1199 quadrupedemque
538 1150 660 1185 citum
680 1147 825 1184 ferrata
844 1148 950 1185 calce
970 1148 1121 1198 fatigat.

143 1215 278 1247 “vane
300 1210 420 1258 Ligus
439 1209 661 1259 frustraque
681 1212 820 1246 animis
840 1209 943 1246 elate
964 1211 1154 1259 superbis,
1242 1213 1315 1250 715

143 1275 379 1322 nequiquam
400 1274 544 1320 patrias
563 1274 768 1320 temptasti
787 1271 959 1308 lubricus
977 1274 1084 1317 artis,

142 1346 215 1370 nec
234 1333 338 1370 fraus
357 1337 399 1369 te
419 1331 658 1369 incolumem
678 1332 806 1368 fallaci
827 1332 1003 1381 perferet
1023 1333 1178 1370 Auno.''

142 1394 238 1431 haec
257 1394 362 1430 fatur
381 1396 502 1443 virgo,
523 1399 564 1430 et
584 1394 807 1443 pernicibus
828 1396 945 1443 ignea
964 1394 1109 1443 plantis

140 1458 282 1492 transit
302 1468 447 1504 equum
467 1467 580 1491 cursu
602 1454 802 1504 frenisque
822 1455 985 1492 adversa
1004 1456 1208 1505 prehensis

140 1517 395 1565 congreditur
406 1529 631 1566 poenasque
644 1519 802 1552 inimico
816 1530 862 1553 ex
876 1520 1067 1566 sanguine
1080 1521 1199 1555 sumit
1214 1533 1222 1556 ε
1239 1522 1314 1558 720

139 1591 256 1627 quam
277 1577 390 1614 facile
410 1580 598 1627 accipiter
618 1590 709 1614 saxo
729 1590 837 1614 sacer
855 1578 936 1615 ales
955 1579 1004 1615 ab
1023 1578 1103 1615 alto

139 1641 393 1688 consequitur
411 1641 541 1687 pinnis
561 1638 769 1676 sublimem
789 1641 830 1675 in
850 1640 955 1677 nube
975 1639 1195 1677 columbam

139 1712 488 1749 comprensamque
500 1704 615 1736 tenet
627 1699 873 1749 pedibusque
889 1703 1080 1738 eviscerat
1092 1704 1201 1739 uncis
1215 1715 1225 1747 ;

138 1766 223 1797 tum
243 1774 355 1797 cruor
375 1766 416 1798 et
436 1760 566 1797 volsae
586 1760 773 1797 labuntur
788 1761 837 1797 ab
852 1761 1015 1798 aethere
1035 1762 1203 1811 plumae.

190 1821 245 1858 At
258 1835 337 1858 non
350 1821 447 1858 haec
459 1821 577 1858 nullis
590 1821 794 1858 hominum
808 1827 913 1859 sator
923 1828 1043 1872 atque
1057 1823 1221 1860 deorum

136 1882 345 1920 observans
365 1883 485 1919 oculis
505 1895 656 1919 summo
675 1882 790 1919 sedet
809 1882 911 1919 altus
932 1883 1114 1933 Olympo.
1237 1884 1312 1925 726

138 2026 214 2059 282
421 1978 465 1999 ⁷⁰⁸
489 1978 623 2010 laudem
642 1979 724 2011 M²P
739 1978 788 2018 (in
803 1989 849 2011 απ
865 1981 1024 2020 erasure)-
