1399 2271
653 83 844 120 VIRGIL

215 169 354 206 Cetera
374 182 443 219 per
463 174 586 206 terras
606 173 731 206 omnis
749 170 931 206 animalia
950 183 1087 207 somno

163 229 345 266 laxabant
366 242 475 266 curas
495 235 538 266 et
557 229 673 266 corda
693 229 814 266 oblita
835 229 1032 266 laborum:
1259 233 1332 265 225

160 288 344 325 ductores
363 288 558 325 Teucrum
578 291 706 337 primi,
725 288 881 325 delecta
900 291 1097 333 iuventus,

161 348 365 384 consilium
384 350 545 384 summis
564 350 676 396 regni
696 347 745 384 dc
765 348 881 384 rebus
901 347 1114 392 habebant,

161 406 254 456 quid
274 406 452 444 facerent
471 409 606 457 quisve
626 407 788 443 Aeneae
808 409 884 442 iam
904 410 1066 443 nuntius
1087 412 1200 443 essct.

160 472 268 504 stant
286 467 414 516 longis
434 467 566 503 adnixi
586 466 708 503 hastis
730 471 771 503 et
790 472 900 503 scuta
919 471 1106 503 tenentes

161 532 373 563 castrorum
394 532 435 563 et
455 529 582 575 campi
602 526 743 562 medio.
801 530 886 562 tum
908 525 1025 561 Nisus
1046 530 1087 562 et
1107 539 1184 561 una
1259 529 1333 561 230

161 585 352 635 Euryalus
372 585 580 622 confestim
600 585 747 621 alacres
766 584 970 621 admittier
988 590 1124 628 orant;

161 658 241 681 rem
255 658 450 694 magnam,
465 647 716 693 pretiumque
730 656 860 680 morae
875 643 968 680 fore.
1013 646 1159 692 primus
1176 644 1281 681 Iulus

159 707 312 754 accepit
331 704 506 753 trepidos
525 717 569 740 ae
591 704 730 740 Nisum
750 703 881 740 dicere
902 705 1024 739 iussit.

160 769 243 800 tum
263 766 317 800 sic
340 762 599 813 Hyrtacides:
631 762 801 799 “audite
822 775 844 798 o
863 763 1062 799 mentibus
1081 757 1228 812 aequis,

160 822 385 868 Aeneadae,
399 835 500 859 neve
517 821 613 858 haec
632 824 775 858 nostris
795 826 1028 871 spectentur
1042 822 1090 857 ab
1106 825 1230 868 annis,
1255 834 1333 858 Mrn

158 896 257 932 quae
277 882 448 919 ferimus.
510 881 644 918 Rutuli
664 894 800 918 somno
820 884 989 930 vinoque
1009 881 1126 918 soluti
1257 881 1331 917 236

158 945 407 985 conticuere3
436 941 564 977 locum
584 941 734 977 insidiis
755 943 1028 990 conspeximus
1048 943 1134 989 ipsi,

157 1004 223 1051 qui
243 1006 356 1050 patet
375 1003 415 1036 in
435 1001 537 1036 bivio
558 1006 707 1049 portae,
727 1013 826 1049 quae
847 1002 1021 1049 proxima
1041 1005 1186 1049 pont03

157 1063 367 1109 interrupti
387 1062 512 1108 ignes,
532 1065 695 1109 aterque
715 1059 764 1095 ad
785 1058 912 1095 sidera
930 1058 1060 1096 fumus

157 1121 342 1166 erigitur;
371 1121 403 1155 si
423 1118 579 1155 fortuna
599 1120 829 1167 permittitis
848 1121 922 1164 uti,
1257 1122 1332 1154 240

156 1180 378 1227 quaesitum
398 1177 565 1214 Aenean
586 1182 627 1213 et
646 1179 802 1213 moenia
824 1176 1037 1223 Pailantea,

156 1251 245 1273 mox
267 1237 330 1273 hic
350 1250 439 1273 cum
459 1236 604 1286 spoliis,
624 1239 779 1285 ingenti
799 1236 920 1273 caede
939 1242 1111 1286 peracta,

155 1296 289 1333 adfore
311 1299 490 1333 cernetis.
549 1308 622 1332 nec
642 1308 713 1332 nos
732 1297 793 1332 via
813 1295 926 1332 fallet
947 1299 1100 1333 euntis:

156 1356 322 1391 vidimus
342 1356 514 1391 obscuris
534 1357 699 1403 primam
720 1355 791 1391 sub
812 1354 978 1392 vallibus
998 1356 1135 1391 urbem

156 1420 300 1452 venatu
320 1414 483 1451 adsiduo
504 1419 546 1450 et
565 1418 694 1450 totum
715 1417 969 1463 cognovimus
989 1414 1184 1451 amneni.”
1257 1420 1329 1452 245

210 1475 288 1510 Hic
308 1477 420 1510 annis
440 1476 569 1522 gravis
589 1478 709 1522 atque
729 1476 849 1509 animi
869 1479 1044 1510 maturus
1065 1474 1226 1511 Aletes:

157 1538 179 1555 “
193 1533 230 1569 di
253 1535 380 1582 patrii,
402 1545 567 1582 quorum
587 1545 744 1581 semper
762 1532 834 1569 sub
854 1535 1016 1569 numine
1036 1532 1151 1569 Troia
1171 1539 1244 1579 est,

155 1606 233 1628 non
255 1597 389 1628 tamen
409 1594 570 1628 omnino
589 1591 761 1628 Teucros
781 1591 916 1628 delere
936 1595 1094 1641 paratis,

155 1665 243 1688 cum
265 1651 352 1687 talis
372 1653 521 1687 animos
541 1653 728 1687 iuvenum
749 1655 790 1687 et
810 1656 891 1687 tam
912 1656 1019 1688 certa
1039 1652 1184 1688 tulistis

155 1709 352 1759 pectora.''
390 1711 444 1746 sic
463 1722 684 1746 memorans
703 1722 858 1746 umeros
877 1710 1113 1760 dextrasque
1133 1712 1298 1748 tenebat

156 1769 358 1805 amborum
379 1772 420 1805 et
440 1768 589 1804 voltum
610 1768 779 1804 lacrimis
798 1774 918 1819 atque
937 1782 1004 1805 ora
1023 1770 1185 1818 rigabat.
1258 1775 1325 1808 251

200 1856 241 1875 ²³⁷
267 1857 477 1895 conticuere]
492 1856 705 1897 procubuere
722 1857 800 1896 1³7¹.

200 1899 244 1918 ²⁴²
267 1900 316 1938 et]
332 1899 375 1930 ad
393 1909 416 1930 c.
470 1899 551 1931 This
574 1910 673 1939 verse,
699 1899 735 1931 in
758 1910 844 1932 some
867 1901 962 1933 MSS.
992 1901 1107 1933 known.
1130 1907 1162 1933 to
1185 1902 1328 1943 Servius,

157 1942 330 1983 appeared
345 1941 435 1982 after
450 1942 522 1974 243.

200 1985 243 2004 ²4³
267 1984 359 2017 fallit
375 1985 442 2018 PR.
535 1985 577 2004 ²³⁴
603 1986 779 2018 moenibus
795 1986 886 2021 1⁷²7&
980 1988 1022 2006 ²⁴⁶
1045 1988 1166 2020 animis
1183 1990 1220 2020 R.

162 2033 233 2066 128
