1399 2271
650 104 838 141 VIRGIL

158 190 256 227 filius
275 189 366 227 huic
385 193 493 227 iuxta
515 190 675 236 Lausus,
696 204 772 240 quo
792 190 991 240 pulchrior
1009 190 1109 228 alter

158 257 235 280 non
255 243 342 290 fuit,
363 249 530 293 excepto
551 243 758 280 Laurentis
778 257 938 293 corpore
957 244 1094 290 Turni,
1253 242 1329 282 650

159 297 317 342 Lausus,
338 311 482 347 equum
501 297 672 333 domitor
689 297 986 347 debellatorque
1006 298 1188 344 ferarum,

157 351 266 387 ducit
286 351 473 400 Agyllina
491 353 730 400 nequiquam
751 363 799 388 ex
819 352 915 388 urbe
935 356 1091 388 secutos

156 404 263 441 mille
283 407 395 449 viros,
417 404 560 453 dignus
580 406 714 453 patriis
733 407 800 453 qui
818 404 959 441 laetior
978 410 1084 441 esset

157 460 328 507 imperiis
349 463 391 495 et
410 460 471 494 cui
492 463 605 506 pater
625 457 731 494 haud
752 457 975 495 Mezentius
996 463 1110 495 esset.

211 511 303 548 Post
321 511 392 548 hos
412 513 606 560 insignem
628 511 756 560 palma
775 524 846 560 per
859 514 1036 560 gramina
1056 525 1210 548 currum
1253 509 1327 549 655

158 567 401 614 victoresque
417 569 594 601 ostentat
609 577 729 613 equos
744 570 849 601 satus
867 565 1042 601 Hercule
1058 564 1223 614 pulchro

157 618 320 667 pulcher
339 619 576 664 Aventinus,
596 618 801 668 clipeoque
821 620 976 667 insigne
996 624 1204 667 paternum

156 676 314 709 centum
328 674 466 721 anguis
479 674 728 721 cinctamque
740 674 844 720 gerit
856 673 1106 721 serpentibus
1124 672 1303 722 Hydram
1321 685 1328 715 ;

155 725 263 762 collis
282 725 473 762 Aventini
493 725 588 762 silva
607 738 725 774 quem
747 724 856 762 Rhea
874 725 1055 762 sacerdos

155 778 342 815 furtivum
362 784 475 828 partu
497 779 569 815 sub
588 778 746 815 luminis
766 778 893 815 edidit
912 791 1009 824 oras,
1251 777 1327 816 660

154 835 275 868 mixta
295 832 371 869 deo
391 831 545 877 mulier,
565 837 772 881 postquam
794 831 1007 869 Laurentia
1028 834 1151 870 victor

154 884 337 935 Geryone
358 888 553 922 exstincto
568 885 798 934 Tirynthius
816 888 952 934 attigit
970 899 1073 931 arva,

153 939 436 988 Tyrrhenoque
457 940 575 975 boves
595 941 635 974 in
656 938 815 975 flumine
835 939 930 975 lavit
953 940 1134 976 Hiberas.

153 992 231 1041 pila
250 1006 367 1029 manu
387 1004 599 1042 saevosque
619 997 765 1041 gerunt
784 995 824 1028 in
844 991 948 1028 bella
967 991 1144 1039 dolones,
1224 1005 1323 1029 ΜΡΝ

153 1051 194 1083 et
213 1048 331 1083 tereti
352 1051 532 1095 pugnant
551 1058 737 1082 mucrone
759 1058 932 1095 veruque
952 1045 1119 1083 Sabello.
1249 1044 1324 1083 665

151 1102 234 1149 ipse
254 1099 389 1148 pedes,
409 1102 586 1148 tegimen
606 1104 794 1148 torquens
813 1101 984 1136 immane
1004 1099 1141 1145 leonis,

152 1152 317 1189 terribili
338 1155 537 1201 impexum
558 1158 678 1197 saeta,
699 1165 788 1189 cum
807 1152 993 1189 dentibus
1013 1153 1110 1189 albis

150 1206 311 1242 indutus
332 1208 463 1254 capiti,
483 1208 537 1242 sic
557 1208 664 1254 regia
683 1210 790 1243 tecta
809 1206 979 1252 subibat,

150 1259 329 1296 horridus
351 1259 630 1308 Herculeoque
652 1272 806 1296 umeros
826 1262 992 1296 innexus
1011 1261 1170 1298 amictu.

201 1313 301 1349 Tum
322 1315 470 1361 gemini
489 1312 629 1349 fratres
649 1312 828 1349 Tiburtia
846 1315 1002 1349 moenia
1020 1312 1220 1363 linquunt,
1248 1311 1324 1352 670

149 1366 277 1403 fratris
297 1366 452 1403 Tiburti
470 1366 617 1402 dictam
638 1369 871 1415 cognomine
891 1371 1068 1415 gentem,

149 1419 391 1469 Catillusque
411 1432 578 1469 acerque
601 1419 729 1464 Coras,
751 1420 896 1468 Argiva
916 1422 1112 1465 iuventus,

149 1479 190 1510 et
209 1476 374 1523 primam
392 1478 486 1510 ante
506 1475 629 1509 aciem
649 1472 772 1509 densa
791 1475 895 1509 inter
914 1472 993 1509 tela
1013 1472 1215 1510 feruntur:

148 1540 219 1563 ceu
240 1527 318 1563 duo
338 1527 562 1575 nubigenae
582 1539 670 1562 cum
691 1528 837 1562 vertice
857 1529 1001 1562 montis
1021 1527 1070 1562 ab
1089 1526 1170 1562 alto

147 1580 397 1617 descendunt
409 1580 608 1624 Centauri,
623 1579 822 1616 Homolen
837 1579 1086 1629 Othrquue
1100 1579 1269 1616 nivalem

148 1633 373 1683 linquentes
393 1646 505 1670 cursu
525 1632 684 1682 rapid03
712 1633 782 1670 dat
800 1633 986 1669 euntibus
1005 1635 1146 1681 ingens
1246 1631 1322 1672 676

147 1687 242 1724 silva
260 1687 388 1723 locum
409 1692 451 1723 et
469 1699 613 1735 magno
633 1686 782 1723 cedunt
801 1685 970 1735 virgulta
990 1685 1155 1736 fragore.

200 1740 284 1777 Nec
306 1740 584 1776 Praenestinae
604 1739 790 1776 fundator
809 1739 938 1776 defuit
957 1740 1077 1786 urbis,

148 1793 319 1830 Volcano
339 1797 518 1842 genitum
538 1806 679 1843 pecora
698 1796 802 1830 inter
820 1795 990 1842 agrestia
1009 1806 1144 1843 regem

230 1854 274 1873 ⁸³¹⁹
298 1854 386 1884 hunc
403 1854 463 1885 M1.
686 1853 730 1872 ⁵⁵¹²
754 1852 965 1884 Medientius
981 1854 1017 1886 P.

230 1896 274 1916 ⁵⁵⁵
297 1896 444 1937 palmam
468 1898 501 1927 R.
686 1896 730 1915 ⁶⁶⁹
753 1896 891 1927 innixus
907 1897 975 1928 PR.

229 1939 274 1959 ⁶⁷¹
296 1939 338 1970 de
354 1939 490 1971 nomine
504 1940 543 1971 P.
684 1939 729 1958 ⁶⁷⁵
751 1938 960 1971 discendunt
974 1939 1021 1971 M.
1070 1938 1177 1971 nivali
1201 1939 1238 1972 V.

229 1982 274 2002 ⁸⁷⁶
297 1982 468 2024 liquentes
483 1983 523 2013 R.

147 2064 194 2096 48
229 2024 273 2045 ⁸⁷⁷
296 2028 333 2058 et
348 2024 478 2057 «mitten
492 2024 591 2057 above
607 2023 642 2057 in
658 2025 694 2056 P.
743 2023 892 2056 caedunt
907 2025 954 2057 M.
1033 2024 1077 2045 ⁰⁷⁹
1100 2024 1218 2057 deficit
1234 2026 1272 2057 R.
