<?xml version="1.0" encoding="UTF-8"?>
<!DOCTYPE html PUBLIC "-//W3C//DTD XHTML 1.0 Transitional//EN"
    "http://www.w3.org/TR/xhtml1/DTD/xhtml1-transitional.dtd">
<html xmlns="http://www.w3.org/1999/xhtml" xml:lang="en" lang="en">
 <head>
  <title>
</title>
<meta http-equiv="Content-Type" content="text/html;charset=utf-8" />
  <meta name='ocr-system' content='tesseract 3.04.00' />
  <meta name='ocr-capabilities' content='ocr_page ocr_carea ocr_par ocr_line ocrx_word'/>
</head>
<body>
  <div class='ocr_page' id='page_1' title='image "./virgilwithenglis02virg_0510.png"; bbox 0 0 1399 2271; ppageno 0'>
   <div class='ocr_carea' id='block_1_1' title="bbox 606 89 800 126">
    <p class='ocr_par' dir='ltr' id='par_1_1' title="bbox 606 89 800 126">
     <span class='ocr_line' id='line_1_1' title="bbox 606 89 800 126; baseline 0.005 -1"><span class='ocrx_word' id='word_1_1' title='bbox 606 89 761 126; x_wconf 87' lang='lat' dir='ltr'>VIRGI</span> <span class='ocrx_word' id='word_1_2' title='bbox 767 90 800 126; x_wconf 94' lang='lat' dir='ltr'>L</span> 
     </span>
    </p>
   </div>
   <div class='ocr_carea' id='block_1_2' title="bbox 112 175 1288 1458">
    <p class='ocr_par' dir='ltr' id='par_1_2' title="bbox 112 175 1288 1458">
     <span class='ocr_line' id='line_1_2' title="bbox 115 175 1000 226; baseline -0.001 -13"><span class='ocrx_word' id='word_1_3' title='bbox 115 177 269 214; x_wconf 79' lang='lat' dir='ltr'><strong>felicem</strong></span> <span class='ocrx_word' id='word_1_4' title='bbox 289 181 383 213; x_wconf 77' lang='lat' dir='ltr'>ante</span> <span class='ocrx_word' id='word_1_5' title='bbox 402 175 496 213; x_wconf 82' lang='lat' dir='ltr'>alias</span> <span class='ocrx_word' id='word_1_6' title='bbox 514 189 538 212; x_wconf 92' lang='lat' dir='ltr'>o</span> <span class='ocrx_word' id='word_1_7' title='bbox 557 181 599 213; x_wconf 83' lang='lat' dir='ltr'>te</span> <span class='ocrx_word' id='word_1_8' title='bbox 618 179 808 225; x_wconf 83' lang='lat' dir='ltr'>scriptore</span> <span class='ocrx_word' id='word_1_9' title='bbox 828 177 1000 226; x_wconf 77' lang='lat' dir='ltr'>puellam</span> 
     </span>
     <span class='ocr_line' id='line_1_3' title="bbox 165 229 926 279; baseline -0.001 -12"><span class='ocrx_word' id='word_1_10' title='bbox 165 230 288 267; x_wconf 83' lang='lat' dir='ltr'>altera</span> <span class='ocrx_word' id='word_1_11' title='bbox 308 243 386 266; x_wconf 90' lang='lat' dir='ltr'>non</span> <span class='ocrx_word' id='word_1_12' title='bbox 408 230 511 266; x_wconf 88' lang='lat' dir='ltr'>fama</span> <span class='ocrx_word' id='word_1_13' title='bbox 530 229 674 266; x_wconf 80' lang='lat' dir='ltr'>dixerit</span> <span class='ocrx_word' id='word_1_14' title='bbox 694 243 778 266; x_wconf 88' lang='lat' dir='ltr'>esse</span> <span class='ocrx_word' id='word_1_15' title='bbox 798 233 926 279; x_wconf 87' lang='lat' dir='ltr'>prior:</span> 
     </span>
     <span class='ocr_line' id='line_1_4' title="bbox 115 283 1287 332; baseline 0.001 -12"><span class='ocrx_word' id='word_1_16' title='bbox 115 298 192 321; x_wconf 89' lang='lat' dir='ltr'>non</span> <span class='ocrx_word' id='word_1_17' title='bbox 211 284 290 329; x_wconf 88' lang='lat' dir='ltr'>illa,</span> <span class='ocrx_word' id='word_1_18' title='bbox 312 283 582 332; x_wconf 84' lang='lat' dir='ltr'>Hesperidum</span> <span class='ocrx_word' id='word_1_19' title='bbox 600 286 643 320; x_wconf 92' lang='lat' dir='ltr'>ni</span> <span class='ocrx_word' id='word_1_20' title='bbox 660 296 826 320; x_wconf 91' lang='lat' dir='ltr'>munere</span> <span class='ocrx_word' id='word_1_21' title='bbox 845 288 960 332; x_wconf 78' lang='lat' dir='ltr'>capta</span> <span class='ocrx_word' id='word_1_22' title='bbox 978 283 1131 329; x_wconf 83' lang='lat' dir='ltr'>fuisset,</span> <span class='ocrx_word' id='word_1_23' title='bbox 1239 288 1287 321; x_wconf 79' lang='lat'>25</span> 
     </span>
     <span class='ocr_line' id='line_1_5' title="bbox 166 337 1117 388; baseline 0.001 -14"><span class='ocrx_word' id='word_1_24' title='bbox 166 350 266 388; x_wconf 89' lang='lat' dir='ltr'>quae</span> <span class='ocrx_word' id='word_1_25' title='bbox 286 337 484 374; x_wconf 87' lang='lat' dir='ltr'>volucrem</span> <span class='ocrx_word' id='word_1_26' title='bbox 504 350 618 374; x_wconf 91' lang='lat' dir='ltr'>cursu</span> <span class='ocrx_word' id='word_1_27' title='bbox 637 339 784 373; x_wconf 83' lang='lat' dir='ltr'>vicerat</span> <span class='ocrx_word' id='word_1_28' title='bbox 806 337 1117 386; x_wconf 85' lang='lat' dir='ltr'>Hippomenen;</span> 
     </span>
     <span class='ocr_line' id='line_1_6' title="bbox 114 390 990 440; baseline -0.001 -12"><span class='ocrx_word' id='word_1_29' title='bbox 114 391 280 428; x_wconf 81' lang='lat' dir='ltr'>candida</span> <span class='ocrx_word' id='word_1_30' title='bbox 300 403 448 440; x_wconf 81' lang='lat' dir='ltr'>cycneo</span> <span class='ocrx_word' id='word_1_31' title='bbox 467 403 547 427; x_wconf 91' lang='lat' dir='ltr'>non</span> <span class='ocrx_word' id='word_1_32' title='bbox 567 390 674 428; x_wconf 78' lang='lat' dir='ltr'>edita</span> <span class='ocrx_word' id='word_1_33' title='bbox 692 390 885 440; x_wconf 75' lang='lat' dir='ltr'><strong>Tyndaris</strong></span> <span class='ocrx_word' id='word_1_34' title='bbox 904 403 990 436; x_wconf 79' lang='lat' dir='ltr'>ovo,</span> 
     </span>
     <span class='ocr_line' id='line_1_7' title="bbox 165 443 932 494; baseline -0.003 -12"><span class='ocrx_word' id='word_1_35' title='bbox 165 458 245 482; x_wconf 88' lang='lat' dir='ltr'>non</span> <span class='ocrx_word' id='word_1_36' title='bbox 264 457 406 494; x_wconf 86' lang='lat' dir='ltr'>supero</span> <span class='ocrx_word' id='word_1_37' title='bbox 424 443 584 493; x_wconf 86' lang='lat' dir='ltr'>fulgens</span> <span class='ocrx_word' id='word_1_38' title='bbox 603 444 810 493; x_wconf 84' lang='lat' dir='ltr'>Cassiopea</span> <span class='ocrx_word' id='word_1_39' title='bbox 828 444 932 494; x_wconf 87' lang='lat' dir='ltr'>polo,</span> 
     </span>
     <span class='ocr_line' id='line_1_8' title="bbox 114 498 1111 548; baseline -0.001 -13"><span class='ocrx_word' id='word_1_40' title='bbox 114 512 192 535; x_wconf 89' lang='lat' dir='ltr'>non</span> <span class='ocrx_word' id='word_1_41' title='bbox 211 498 377 535; x_wconf 89' lang='lat' dir='ltr'>defensa</span> <span class='ocrx_word' id='word_1_42' title='bbox 396 498 464 534; x_wconf 86' lang='lat' dir='ltr'>diu</span> <span class='ocrx_word' id='word_1_43' title='bbox 483 498 654 534; x_wconf 76' lang='lat' dir='ltr'>multum</span> <span class='ocrx_word' id='word_1_44' title='bbox 674 501 889 534; x_wconf 72' lang='lat' dir='ltr'><strong>certamine</strong></span> <span class='ocrx_word' id='word_1_45' title='bbox 909 510 1111 548; x_wconf 87' lang='lat' dir='ltr'>equorum,</span> 
     </span>
     <span class='ocr_line' id='line_1_9' title="bbox 164 551 1288 602; baseline 0.001 -14"><span class='ocrx_word' id='word_1_46' title='bbox 164 553 357 602; x_wconf 77' lang='lat' dir='ltr'>optabant</span> <span class='ocrx_word' id='word_1_47' title='bbox 375 551 559 601; x_wconf 82' lang='lat' dir='ltr'>gravidae</span> <span class='ocrx_word' id='word_1_48' title='bbox 579 565 696 602; x_wconf 92' lang='lat' dir='ltr'>quam</span> <span class='ocrx_word' id='word_1_49' title='bbox 716 552 788 588; x_wconf 89' lang='lat' dir='ltr'>sibi</span> <span class='ocrx_word' id='word_1_50' title='bbox 810 564 988 601; x_wconf 86' lang='lat' dir='ltr'>quaeque</span> <span class='ocrx_word' id='word_1_51' title='bbox 1010 565 1160 597; x_wconf 86' lang='lat' dir='ltr'>manus,</span> <span class='ocrx_word' id='word_1_52' title='bbox 1238 556 1288 589; x_wconf 87' lang='grc'>30</span> 
     </span>
     <span class='ocr_line' id='line_1_10' title="bbox 112 604 1182 656; baseline -0.001 -13"><span class='ocrx_word' id='word_1_53' title='bbox 112 619 228 656; x_wconf 79' lang='lat' dir='ltr'>saepe</span> <span class='ocrx_word' id='word_1_54' title='bbox 241 608 411 642; x_wconf 81' lang='lat' dir='ltr'>animam</span> <span class='ocrx_word' id='word_1_55' title='bbox 427 608 564 655; x_wconf 82' lang='lat' dir='ltr'>generi</span> <span class='ocrx_word' id='word_1_56' title='bbox 579 619 649 655; x_wconf 89' lang='lat' dir='ltr'>pro</span> <span class='ocrx_word' id='word_1_57' title='bbox 664 618 738 655; x_wconf 91' lang='lat' dir='ltr'>qua</span> <span class='ocrx_word' id='word_1_58' title='bbox 754 610 868 654; x_wconf 82' lang='lat' dir='ltr'>pater</span> <span class='ocrx_word' id='word_1_59' title='bbox 882 607 1024 654; x_wconf 88' lang='lat' dir='ltr'>impius</span> <span class='ocrx_word' id='word_1_60' title='bbox 1039 604 1182 652; x_wconf 79' lang='lat' dir='ltr'>hausit,</span> 
     </span>
     <span class='ocr_line' id='line_1_11' title="bbox 165 658 1103 709; baseline 0 -13"><span class='ocrx_word' id='word_1_61' title='bbox 165 672 283 709; x_wconf 81' lang='lat' dir='ltr'>saepe</span> <span class='ocrx_word' id='word_1_62' title='bbox 303 660 420 695; x_wconf 86' lang='lat' dir='ltr'>rubro</span> <span class='ocrx_word' id='word_1_63' title='bbox 438 659 574 695; x_wconf 87' lang='lat' dir='ltr'>similis</span> <span class='ocrx_word' id='word_1_64' title='bbox 594 661 786 708; x_wconf 84' lang='lat' dir='ltr'>sanguine</span> <span class='ocrx_word' id='word_1_65' title='bbox 805 658 918 695; x_wconf 83' lang='lat' dir='ltr'>fluxit</span> <span class='ocrx_word' id='word_1_66' title='bbox 936 658 1103 703; x_wconf 86' lang='lat' dir='ltr'>humus;</span> 
     </span>
     <span class='ocr_line' id='line_1_12' title="bbox 113 712 1024 763; baseline 0 -14"><span class='ocrx_word' id='word_1_67' title='bbox 113 717 220 763; x_wconf 83' lang='lat' dir='ltr'>regia</span> <span class='ocrx_word' id='word_1_68' title='bbox 239 726 320 749; x_wconf 88' lang='lat' dir='ltr'>non</span> <span class='ocrx_word' id='word_1_69' title='bbox 339 712 509 757; x_wconf 85' lang='lat' dir='ltr'>Semele,</span> <span class='ocrx_word' id='word_1_70' title='bbox 529 725 609 748; x_wconf 89' lang='lat' dir='ltr'>non</span> <span class='ocrx_word' id='word_1_71' title='bbox 631 712 786 749; x_wconf 89' lang='lat' dir='ltr'>Inachis</span> <span class='ocrx_word' id='word_1_72' title='bbox 806 713 1024 758; x_wconf 87' lang='lat' dir='ltr'>Acrisione‚</span> 
     </span>
     <span class='ocr_line' id='line_1_13' title="bbox 164 765 1088 816; baseline -0.001 -13"><span class='ocrx_word' id='word_1_73' title='bbox 164 769 307 803; x_wconf 79' lang='lat' dir='ltr'><strong>immiti</strong></span> <span class='ocrx_word' id='word_1_74' title='bbox 326 771 514 816; x_wconf 80' lang='lat' dir='ltr'>expertae</span> <span class='ocrx_word' id='word_1_75' title='bbox 534 765 700 802; x_wconf 84' lang='lat' dir='ltr'>fulmine</span> <span class='ocrx_word' id='word_1_76' title='bbox 722 771 763 802; x_wconf 83' lang='lat' dir='ltr'>et</span> <span class='ocrx_word' id='word_1_77' title='bbox 782 766 908 802; x_wconf 90' lang='lat' dir='ltr'>imbre</span> <span class='ocrx_word' id='word_1_78' title='bbox 929 766 1088 811; x_wconf 79' lang='lat' dir='ltr'>Iovem3</span> 
     </span>
     <span class='ocr_line' id='line_1_14' title="bbox 114 818 1285 870; baseline 0.001 -13"><span class='ocrx_word' id='word_1_79' title='bbox 114 834 191 857; x_wconf 87' lang='lat' dir='ltr'>non</span> <span class='ocrx_word' id='word_1_80' title='bbox 212 823 320 857; x_wconf 90' lang='lat' dir='ltr'>cuius</span> <span class='ocrx_word' id='word_1_81' title='bbox 340 820 390 856; x_wconf 93' lang='lat' dir='ltr'>ob</span> <span class='ocrx_word' id='word_1_82' title='bbox 409 825 565 869; x_wconf 71' lang='lat' dir='ltr'>raptum</span> <span class='ocrx_word' id='word_1_83' title='bbox 585 819 688 868; x_wconf 90' lang='lat' dir='ltr'>pulsi</span> <span class='ocrx_word' id='word_1_84' title='bbox 706 818 857 870; x_wconf 85' lang='lat' dir='ltr'>liquere</span> <span class='ocrx_word' id='word_1_85' title='bbox 878 819 1037 856; x_wconf 83' lang='lat' dir='ltr'>Penatis</span> <span class='ocrx_word' id='word_1_86' title='bbox 1237 825 1285 858; x_wconf 85' lang='lat'>35</span> 
     </span>
     <span class='ocr_line' id='line_1_15' title="bbox 164 872 947 924; baseline -0.003 -13"><span class='ocrx_word' id='word_1_87' title='bbox 164 874 364 924; x_wconf 87' lang='lat' dir='ltr'>Tarquinii</span> <span class='ocrx_word' id='word_1_88' title='bbox 385 876 544 922; x_wconf 85' lang='lat' dir='ltr'>patrios,</span> <span class='ocrx_word' id='word_1_89' title='bbox 564 872 664 909; x_wconf 90' lang='lat' dir='ltr'>filius</span> <span class='ocrx_word' id='word_1_90' title='bbox 683 878 803 922; x_wconf 82' lang='lat' dir='ltr'>atque</span> <span class='ocrx_word' id='word_1_91' title='bbox 822 878 947 922; x_wconf 79' lang='lat' dir='ltr'>pater,</span> 
     </span>
     <span class='ocr_line' id='line_1_16' title="bbox 113 926 1058 978; baseline 0 -14"><span class='ocrx_word' id='word_1_92' title='bbox 113 927 180 964; x_wconf 88' lang='lat' dir='ltr'>illo</span> <span class='ocrx_word' id='word_1_93' title='bbox 198 940 275 978; x_wconf 92' lang='lat' dir='ltr'>quo</span> <span class='ocrx_word' id='word_1_94' title='bbox 294 930 463 977; x_wconf 86' lang='lat' dir='ltr'>primum</span> <span class='ocrx_word' id='word_1_95' title='bbox 484 926 708 963; x_wconf 82' lang='lat' dir='ltr'>dominatus</span> <span class='ocrx_word' id='word_1_96' title='bbox 730 926 851 963; x_wconf 83' lang='lat' dir='ltr'>Roma</span> <span class='ocrx_word' id='word_1_97' title='bbox 869 927 1058 976; x_wconf 89' lang='lat' dir='ltr'>superbos</span> 
     </span>
     <span class='ocr_line' id='line_1_17' title="bbox 164 980 968 1029; baseline -0.001 -11"><span class='ocrx_word' id='word_1_98' title='bbox 164 983 332 1018; x_wconf 76' lang='lat' dir='ltr'>mutavit</span> <span class='ocrx_word' id='word_1_99' title='bbox 351 980 515 1029; x_wconf 77' lang='lat' dir='ltr'>placidis</span> <span class='ocrx_word' id='word_1_100' title='bbox 534 985 714 1029; x_wconf 81' lang='lat' dir='ltr'>tempore</span> <span class='ocrx_word' id='word_1_101' title='bbox 734 980 968 1017; x_wconf 88' lang='lat' dir='ltr'>consulibus.</span> 
     </span>
     <span class='ocr_line' id='line_1_18' title="bbox 113 1033 1183 1084; baseline -0.001 -12"><span class='ocrx_word' id='word_1_102' title='bbox 113 1035 236 1072; x_wconf 80' lang='lat' dir='ltr'>multa</span> <span class='ocrx_word' id='word_1_103' title='bbox 255 1047 386 1084; x_wconf 90' lang='lat' dir='ltr'>neque</span> <span class='ocrx_word' id='word_1_104' title='bbox 404 1036 611 1070; x_wconf 83' lang='lat' dir='ltr'>immeritis</span> <span class='ocrx_word' id='word_1_105' title='bbox 630 1033 792 1070; x_wconf 78' lang='lat' dir='ltr'>donavit</span> <span class='ocrx_word' id='word_1_106' title='bbox 808 1036 984 1083; x_wconf 85' lang='lat' dir='ltr'>praemia</span> <span class='ocrx_word' id='word_1_107' title='bbox 1002 1033 1183 1081; x_wconf 87' lang='lat' dir='ltr'>alumnis,</span> 
     </span>
     <span class='ocr_line' id='line_1_19' title="bbox 164 1087 1287 1138; baseline 0 -14"><span class='ocrx_word' id='word_1_108' title='bbox 164 1091 337 1138; x_wconf 89' lang='lat' dir='ltr'>praemia</span> <span class='ocrx_word' id='word_1_109' title='bbox 357 1087 551 1124; x_wconf 82' lang='lat' dir='ltr'>Messallis</span> <span class='ocrx_word' id='word_1_110' title='bbox 568 1089 739 1123; x_wconf 81' lang='lat' dir='ltr'>maxima</span> <span class='ocrx_word' id='word_1_111' title='bbox 759 1087 980 1124; x_wconf 84' lang='lat' dir='ltr'>Publicolis.</span> <span class='ocrx_word' id='word_1_112' title='bbox 1237 1093 1287 1124; x_wconf 74' lang='lat'>40</span> 
     </span>
     <span class='ocr_line' id='line_1_20' title="bbox 113 1140 1222 1192; baseline -0.001 -13"><span class='ocrx_word' id='word_1_113' title='bbox 113 1155 202 1179; x_wconf 83' lang='lat' dir='ltr'>nam</span> <span class='ocrx_word' id='word_1_114' title='bbox 214 1141 310 1192; x_wconf 88' lang='lat' dir='ltr'>quid</span> <span class='ocrx_word' id='word_1_115' title='bbox 322 1154 397 1190; x_wconf 84' lang='lat' dir='ltr'>ego</span> <span class='ocrx_word' id='word_1_116' title='bbox 408 1143 592 1177; x_wconf 87' lang='lat' dir='ltr'>immensi</span> <span class='ocrx_word' id='word_1_117' title='bbox 602 1153 818 1178; x_wconf 90' lang='lat' dir='ltr'>memorem</span> <span class='ocrx_word' id='word_1_118' title='bbox 830 1141 960 1177; x_wconf 80' lang='lat' dir='ltr'>studia</span> <span class='ocrx_word' id='word_1_119' title='bbox 972 1143 1046 1178; x_wconf 80' lang='lat' dir='ltr'>ista</span> <span class='ocrx_word' id='word_1_120' title='bbox 1058 1140 1222 1178; x_wconf 83' lang='lat' dir='ltr'>laboris?</span> 
     </span>
     <span class='ocr_line' id='line_1_21' title="bbox 164 1194 986 1245; baseline -0.002 -13"><span class='ocrx_word' id='word_1_121' title='bbox 164 1195 322 1232; x_wconf 76' lang='lat' dir='ltr'>horrida</span> <span class='ocrx_word' id='word_1_122' title='bbox 340 1194 436 1245; x_wconf 89' lang='lat' dir='ltr'>quid</span> <span class='ocrx_word' id='word_1_123' title='bbox 454 1194 576 1232; x_wconf 86' lang='lat' dir='ltr'>durae</span> <span class='ocrx_word' id='word_1_124' title='bbox 594 1199 774 1243; x_wconf 81' lang='lat' dir='ltr'>tempora</span> <span class='ocrx_word' id='word_1_125' title='bbox 792 1194 956 1231; x_wconf 79' lang='lat' dir='ltr'>militiae</span> <span class='ocrx_word' id='word_1_126' title='bbox 972 1196 986 1230; x_wconf 83' lang='lat'><strong>?</strong></span> 
     </span>
     <span class='ocr_line' id='line_1_22' title="bbox 113 1248 1086 1297; baseline 0 -12"><span class='ocrx_word' id='word_1_127' title='bbox 113 1256 238 1286; x_wconf 79' lang='lat' dir='ltr'>castra</span> <span class='ocrx_word' id='word_1_128' title='bbox 258 1249 354 1293; x_wconf 85' lang='lat' dir='ltr'>foro,</span> <span class='ocrx_word' id='word_1_129' title='bbox 374 1254 416 1285; x_wconf 85' lang='lat' dir='ltr'>te</span> <span class='ocrx_word' id='word_1_130' title='bbox 435 1253 562 1285; x_wconf 76' lang='lat' dir='ltr'>castra</span> <span class='ocrx_word' id='word_1_131' title='bbox 580 1248 667 1284; x_wconf 92' lang='lat' dir='ltr'>urbi</span> <span class='ocrx_word' id='word_1_132' title='bbox 686 1261 941 1297; x_wconf 84' lang='lat' dir='ltr'>praeponere,</span> <span class='ocrx_word' id='word_1_133' title='bbox 960 1253 1086 1285; x_wconf 79' lang='lat' dir='ltr'>castra</span> 
     </span>
     <span class='ocr_line' id='line_1_23' title="bbox 164 1301 1170 1352; baseline 0 -13"><span class='ocrx_word' id='word_1_134' title='bbox 164 1309 246 1340; x_wconf 82' lang='lat' dir='ltr'>tam</span> <span class='ocrx_word' id='word_1_135' title='bbox 266 1301 402 1352; x_wconf 85' lang='lat' dir='ltr'>procul</span> <span class='ocrx_word' id='word_1_136' title='bbox 421 1301 495 1338; x_wconf 90' lang='lat' dir='ltr'>hoc</span> <span class='ocrx_word' id='word_1_137' title='bbox 514 1306 649 1351; x_wconf 80' lang='lat' dir='ltr'>gnatO,</span> <span class='ocrx_word' id='word_1_138' title='bbox 668 1306 750 1338; x_wconf 81' lang='lat' dir='ltr'>&#39;cam</span> <span class='ocrx_word' id='word_1_139' title='bbox 770 1301 905 1351; x_wconf 90' lang='lat' dir='ltr'>procul</span> <span class='ocrx_word' id='word_1_140' title='bbox 925 1301 998 1338; x_wconf 87' lang='lat' dir='ltr'>hac</span> <span class='ocrx_word' id='word_1_141' title='bbox 1017 1303 1170 1351; x_wconf 81' lang='lat' dir='ltr'>patria?</span> 
     </span>
     <span class='ocr_line' id='line_1_24' title="bbox 114 1354 1285 1405; baseline 0 -12"><span class='ocrx_word' id='word_1_142' title='bbox 114 1356 370 1393; x_wconf 82' lang='lat' dir='ltr'>immoderata</span> <span class='ocrx_word' id='word_1_143' title='bbox 389 1358 472 1404; x_wconf 76' lang='lat' dir='ltr'>pati</span> <span class='ocrx_word' id='word_1_144' title='bbox 490 1358 567 1391; x_wconf 89' lang='lat' dir='ltr'>iam</span> <span class='ocrx_word' id='word_1_145' title='bbox 586 1354 742 1404; x_wconf 83' lang='lat' dir='ltr'>frigora,</span> <span class='ocrx_word' id='word_1_146' title='bbox 763 1358 919 1405; x_wconf 89' lang='lat' dir='ltr'>iamque</span> <span class='ocrx_word' id='word_1_147' title='bbox 940 1354 1115 1392; x_wconf 82' lang='lat' dir='ltr'>calores?</span> <span class='ocrx_word' id='word_1_148' title='bbox 1237 1361 1285 1393; x_wconf 80' lang='lat'>45</span> 
     </span>
     <span class='ocr_line' id='line_1_25' title="bbox 165 1408 966 1458; baseline -0.001 -11"><span class='ocrx_word' id='word_1_149' title='bbox 165 1416 342 1447; x_wconf 80' lang='lat' dir='ltr'>sternere</span> <span class='ocrx_word' id='word_1_150' title='bbox 363 1409 425 1445; x_wconf 84' lang='lat' dir='ltr'>vel</span> <span class='ocrx_word' id='word_1_151' title='bbox 446 1409 542 1445; x_wconf 86' lang='lat' dir='ltr'>dura</span> <span class='ocrx_word' id='word_1_152' title='bbox 561 1421 675 1458; x_wconf 89' lang='lat' dir='ltr'>posse</span> <span class='ocrx_word' id='word_1_153' title='bbox 696 1422 813 1458; x_wconf 88' lang='lat' dir='ltr'>super</span> <span class='ocrx_word' id='word_1_154' title='bbox 831 1408 966 1446; x_wconf 86' lang='lat' dir='ltr'>silice?</span> 
     </span>
    </p>
   </div>
   <div class='ocr_carea' id='block_1_3' title="bbox 112 1486 1289 2078">
    <p class='ocr_par' dir='ltr' id='par_1_3' title="bbox 112 1486 1287 1564">
     <span class='ocr_line' id='line_1_26' title="bbox 155 1486 1287 1520; baseline 0.001 -1"><span class='ocrx_word' id='word_1_155' title='bbox 155 1490 183 1509; x_wconf 75' lang='lat'>²³</span> <span class='ocrx_word' id='word_1_156' title='bbox 206 1488 354 1520; x_wconf 87' lang='lat' dir='ltr'>multum</span> <span class='ocrx_word' id='word_1_157' title='bbox 380 1493 406 1519; x_wconf 80' lang='grc' dir='ltr'>Ω</span> <span class='ocrx_word' id='word_1_158' title='bbox 422 1501 428 1519; x_wconf 95' lang='lat'>:</span> <span class='ocrx_word' id='word_1_159' title='bbox 464 1491 500 1518; x_wconf 72' lang='lat' dir='ltr'>et</span> <span class='ocrx_word' id='word_1_160' title='bbox 527 1486 677 1518; x_wconf 79' lang='lat' dir='ltr'>multum</span> <span class='ocrx_word' id='word_1_161' title='bbox 706 1486 896 1518; x_wconf 74' lang='lat' dir='ltr'>Sabbadini</span> <span class='ocrx_word' id='word_1_162' title='bbox 907 1497 918 1518; x_wconf 94' lang='lat'>.·</span> <span class='ocrx_word' id='word_1_163' title='bbox 955 1488 1132 1519; x_wconf 76' lang='lat' dir='ltr'>volucrum</span> <span class='ocrx_word' id='word_1_164' title='bbox 1161 1488 1287 1520; x_wconf 75' lang='lat' dir='ltr'>Aldine</span> 
     </span>
     <span class='ocr_line' id='line_1_27' title="bbox 112 1530 616 1564; baseline -0.008 0"><span class='ocrx_word' id='word_1_165' title='bbox 112 1532 236 1564; x_wconf 69' lang='lat' dir='ltr'>edition</span> <span class='ocrx_word' id='word_1_166' title='bbox 254 1532 356 1562; x_wconf 78' lang='lat'>1534:</span> <span class='ocrx_word' id='word_1_167' title='bbox 380 1530 504 1561; x_wconf 83' lang='lat' dir='ltr'>mulier</span> <span class='ocrx_word' id='word_1_168' title='bbox 518 1530 616 1561; x_wconf 71' lang='lat' dir='ltr'>Ellis.</span> 
     </span>
    </p>

    <p class='ocr_par' dir='ltr' id='par_1_4' title="bbox 114 1572 1289 1700">
     <span class='ocr_line' id='line_1_28' title="bbox 153 1572 1287 1615; baseline 0 -9"><span class='ocrx_word' id='word_1_169' title='bbox 153 1576 183 1595; x_wconf 81' lang='lat'>⁸⁰</span> <span class='ocrx_word' id='word_1_170' title='bbox 206 1574 376 1606; x_wconf 66' lang='lat' dir='ltr'>obtabant</span> <span class='ocrx_word' id='word_1_171' title='bbox 390 1573 444 1604; x_wconf 87' lang='lat' dir='ltr'>B:</span> <span class='ocrx_word' id='word_1_172' title='bbox 466 1572 651 1604; x_wconf 75' lang='lat' dir='ltr'>obstabant</span> <span class='ocrx_word' id='word_1_173' title='bbox 674 1573 826 1604; x_wconf 75' lang='lat' dir='ltr'>Vollmer.</span> <span class='ocrx_word' id='word_1_174' title='bbox 874 1572 1066 1615; x_wconf 77' lang='lat' dir='ltr'>gravid(a)e</span> <span class='ocrx_word' id='word_1_175' title='bbox 1088 1579 1136 1606; x_wconf 75' lang='lat'>12:</span> <span class='ocrx_word' id='word_1_176' title='bbox 1163 1573 1287 1606; x_wconf 82' lang='lat' dir='ltr'>Graiae</span> 
     </span>
     <span class='ocr_line' id='line_1_29' title="bbox 114 1615 1289 1658; baseline -0.001 -8"><span class='ocrx_word' id='word_1_177' title='bbox 114 1619 237 1650; x_wconf 71' lang='lat' dir='ltr'>Aldine</span> <span class='ocrx_word' id='word_1_178' title='bbox 254 1617 378 1648; x_wconf 77' lang='lat' dir='ltr'>edition</span> <span class='ocrx_word' id='word_1_179' title='bbox 396 1617 486 1648; x_wconf 73' lang='lat'>1534.</span> <span class='ocrx_word' id='word_1_180' title='bbox 528 1627 630 1657; x_wconf 78' lang='lat' dir='ltr'>quarn</span> <span class='ocrx_word' id='word_1_181' title='bbox 646 1616 770 1647; x_wconf 69' lang='lat' dir='ltr'>edition</span> <span class='ocrx_word' id='word_1_182' title='bbox 789 1617 891 1649; x_wconf 75' lang='lat'>1473:</span> <span class='ocrx_word' id='word_1_183' title='bbox 914 1615 999 1658; x_wconf 87' lang='lat' dir='ltr'>quid</span> <span class='ocrx_word' id='word_1_184' title='bbox 1015 1616 1068 1647; x_wconf 90' lang='grc' dir='ltr'>Β.·</span> <span class='ocrx_word' id='word_1_185' title='bbox 1088 1616 1181 1658; x_wconf 85' lang='lat' dir='ltr'>quod</span> <span class='ocrx_word' id='word_1_186' title='bbox 1197 1618 1289 1649; x_wconf 70' lang='lat' dir='ltr'>other</span> 
     </span>
     <span class='ocr_line' id='line_1_30' title="bbox 114 1658 688 1700; baseline -0.003 -7"><span class='ocrx_word' id='word_1_187' title='bbox 114 1663 208 1693; x_wconf 67' lang='lat' dir='ltr'><em>MSS.</em></span> <span class='ocrx_word' id='word_1_188' title='bbox 256 1659 392 1700; x_wconf 82' lang='lat' dir='ltr'>manus]</span> <span class='ocrx_word' id='word_1_189' title='bbox 408 1669 532 1690; x_wconf 86' lang='lat' dir='ltr'>nurum</span> <span class='ocrx_word' id='word_1_190' title='bbox 553 1658 688 1691; x_wconf 65' lang='lat' dir='ltr'>Tollius.</span> 
     </span>
    </p>

    <p class='ocr_par' dir='ltr' id='par_1_5' title="bbox 114 1702 1287 1779">
     <span class='ocr_line' id='line_1_31' title="bbox 155 1702 1287 1744; baseline 0 -9"><span class='ocrx_word' id='word_1_191' title='bbox 155 1704 185 1724; x_wconf 81' lang='lat'>³¹</span> <span class='ocrx_word' id='word_1_192' title='bbox 206 1703 328 1735; x_wconf 84' lang='lat' dir='ltr'>similis</span> <span class='ocrx_word' id='word_1_193' title='bbox 345 1708 370 1734; x_wconf 77' lang='grc' dir='ltr'>Ω</span> <span class='ocrx_word' id='word_1_194' title='bbox 384 1715 392 1734; x_wconf 90' lang='lat'>:</span> <span class='ocrx_word' id='word_1_195' title='bbox 418 1702 510 1733; x_wconf 83' lang='lat' dir='ltr'>Eleis</span> <span class='ocrx_word' id='word_1_196' title='bbox 526 1707 608 1733; x_wconf 65' lang='lat' dir='ltr'>most</span> <span class='ocrx_word' id='word_1_197' title='bbox 626 1702 788 1733; x_wconf 72' lang='lat' dir='ltr'>edition-3:</span> <span class='ocrx_word' id='word_1_198' title='bbox 803 1702 941 1744; x_wconf 77' lang='lat' dir='ltr'>pinguis</span> <span class='ocrx_word' id='word_1_199' title='bbox 958 1702 1151 1734; x_wconf 67' lang='lat' dir='ltr'>Baehrens:</span> <span class='ocrx_word' id='word_1_200' title='bbox 1165 1703 1287 1735; x_wconf 80' lang='lat' dir='ltr'>sitiens</span> 
     </span>
     <span class='ocr_line' id='line_1_32' title="bbox 114 1748 200 1779; baseline -0.023 0"><span class='ocrx_word' id='word_1_201' title='bbox 114 1748 200 1779; x_wconf 75' lang='lat' dir='ltr'>Birt.</span> 
     </span>
    </p>

    <p class='ocr_par' dir='ltr' id='par_1_6' title="bbox 113 1788 1286 1874">
     <span class='ocr_line' id='line_1_33' title="bbox 154 1788 1286 1831; baseline 0 -10"><span class='ocrx_word' id='word_1_202' title='bbox 154 1790 184 1809; x_wconf 77' lang='lat'>³⁴</span> <span class='ocrx_word' id='word_1_203' title='bbox 206 1790 242 1821; x_wconf 93' lang='lat' dir='ltr'>in</span> <span class='ocrx_word' id='word_1_204' title='bbox 258 1789 335 1820; x_wconf 82' lang='lat' dir='ltr'>miti</span> <span class='ocrx_word' id='word_1_205' title='bbox 352 1789 383 1820; x_wconf 91' lang='lat' dir='ltr'><em>B</em></span> <span class='ocrx_word' id='word_1_206' title='bbox 393 1800 404 1819; x_wconf 92' lang='lat'>.·</span> <span class='ocrx_word' id='word_1_207' title='bbox 418 1788 615 1827; x_wconf 83' lang='lat' dir='ltr'>in(m)mitti</span> <span class='ocrx_word' id='word_1_208' title='bbox 632 1788 722 1820; x_wconf 80' lang='lat' dir='ltr'>HM.</span> <span class='ocrx_word' id='word_1_209' title='bbox 759 1792 922 1830; x_wconf 77' lang='lat' dir='ltr'>expertae</span> <span class='ocrx_word' id='word_1_210' title='bbox 940 1788 1111 1829; x_wconf 77' lang='lat' dir='ltr'>Scaliyer:</span> <span class='ocrx_word' id='word_1_211' title='bbox 1126 1794 1286 1831; x_wconf 76' lang='lat' dir='ltr'>expectat</span> 
     </span>
     <span class='ocr_line' id='line_1_34' title="bbox 113 1832 421 1874; baseline -0.003 -10"><span class='ocrx_word' id='word_1_212' title='bbox 113 1834 143 1864; x_wconf 90' lang='lat' dir='ltr'><em>B</em></span> <span class='ocrx_word' id='word_1_213' title='bbox 155 1848 164 1865; x_wconf 90' lang='lat'>.·</span> <span class='ocrx_word' id='word_1_214' title='bbox 186 1835 373 1874; x_wconf 75' lang='lat' dir='ltr'>expectant</span> <span class='ocrx_word' id='word_1_215' title='bbox 382 1832 421 1863; x_wconf 87' lang='lat' dir='ltr'>Z.</span> 
     </span>
    </p>

    <p class='ocr_par' dir='ltr' id='par_1_7' title="bbox 112 1873 1286 1951">
     <span class='ocr_line' id='line_1_35' title="bbox 155 1873 1286 1915; baseline 0.001 -9"><span class='ocrx_word' id='word_1_216' title='bbox 155 1875 184 1895; x_wconf 79' lang='lat'>⁴³</span> <span class='ocrx_word' id='word_1_217' title='bbox 207 1880 320 1906; x_wconf 73' lang='lat' dir='ltr'>castra</span> <span class='ocrx_word' id='word_1_218' title='bbox 336 1875 410 1906; x_wconf 73' lang='lat' dir='ltr'>foro</span> <span class='ocrx_word' id='word_1_219' title='bbox 426 1878 540 1906; x_wconf 79' lang='lat' dir='ltr'>castra</span> <span class='ocrx_word' id='word_1_220' title='bbox 555 1874 588 1906; x_wconf 89' lang='lat' dir='ltr'><em>B</em></span> <span class='ocrx_word' id='word_1_221' title='bbox 599 1885 612 1906; x_wconf 89' lang='grc'>.·</span> <span class='ocrx_word' id='word_1_222' title='bbox 633 1877 669 1906; x_wconf 79' lang='lat' dir='ltr'>te</span> <span class='ocrx_word' id='word_1_223' title='bbox 684 1874 799 1906; x_wconf 75' lang='lat' dir='ltr'>added</span> <span class='ocrx_word' id='word_1_224' title='bbox 814 1874 855 1915; x_wconf 79' lang='lat' dir='ltr'>by</span> <span class='ocrx_word' id='word_1_225' title='bbox 872 1873 1034 1906; x_wconf 69' lang='lat' dir='ltr'>Bt&#39;c&#39;clzeler</span> <span class='ocrx_word' id='word_1_226' title='bbox 1044 1885 1056 1906; x_wconf 91' lang='lat'>.·</span> <span class='ocrx_word' id='word_1_227' title='bbox 1077 1874 1152 1907; x_wconf 83' lang='lat' dir='ltr'>foro</span> <span class='ocrx_word' id='word_1_228' title='bbox 1166 1875 1286 1907; x_wconf 75' lang='lat' dir='ltr'>solitos</span> 
     </span>
     <span class='ocr_line' id='line_1_36' title="bbox 112 1917 498 1951; baseline -0.005 0"><span class='ocrx_word' id='word_1_229' title='bbox 112 1919 162 1951; x_wconf 86' lang='lat' dir='ltr'>Z:</span> <span class='ocrx_word' id='word_1_230' title='bbox 183 1919 258 1950; x_wconf 81' lang='lat' dir='ltr'>foro</span> <span class='ocrx_word' id='word_1_231' title='bbox 273 1918 394 1949; x_wconf 77' lang='lat' dir='ltr'>rostris</span> <span class='ocrx_word' id='word_1_232' title='bbox 411 1917 498 1949; x_wconf 61' lang='lat' dir='ltr'>Birt.</span> 
     </span>
    </p>

    <p class='ocr_par' dir='ltr' id='par_1_8' title="bbox 155 1959 1162 1998">
     <span class='ocr_line' id='line_1_37' title="bbox 155 1959 1162 1998; baseline 0 -6"><span class='ocrx_word' id='word_1_233' title='bbox 155 1961 184 1982; x_wconf 78' lang='lat'>⁸⁴</span> <span class='ocrx_word' id='word_1_234' title='bbox 205 1962 269 1992; x_wconf 83' lang='lat' dir='ltr'>hoc</span> <span class='ocrx_word' id='word_1_235' title='bbox 284 1985 292 1992; x_wconf 97' lang='lat'>.</span> <span class='ocrx_word' id='word_1_236' title='bbox 314 1985 321 1992; x_wconf 94' lang='lat'>.</span> <span class='ocrx_word' id='word_1_237' title='bbox 343 1985 351 1992; x_wconf 93' lang='lat'>.</span> <span class='ocrx_word' id='word_1_238' title='bbox 368 1960 446 1998; x_wconf 63' lang='lat' dir='ltr'>hac]</span> <span class='ocrx_word' id='word_1_239' title='bbox 461 1970 500 1990; x_wconf 82' lang='lat' dir='ltr'>ac</span> <span class='ocrx_word' id='word_1_240' title='bbox 518 1985 524 1991; x_wconf 92' lang='lat'><em>.</em></span> <span class='ocrx_word' id='word_1_241' title='bbox 545 1985 552 1991; x_wconf 94' lang='lat'>.</span> <span class='ocrx_word' id='word_1_242' title='bbox 574 1984 581 1990; x_wconf 95' lang='lat'>.</span> <span class='ocrx_word' id='word_1_243' title='bbox 599 1971 638 1991; x_wconf 83' lang='lat' dir='ltr'>ae</span> <span class='ocrx_word' id='word_1_244' title='bbox 655 1960 759 1991; x_wconf 72' lang='lat' dir='ltr'>MH:</span> <span class='ocrx_word' id='word_1_245' title='bbox 782 1960 888 1991; x_wconf 78' lang='lat' dir='ltr'>haec.</span> <span class='ocrx_word' id='word_1_246' title='bbox 909 1985 916 1991; x_wconf 93' lang='lat'>.</span> <span class='ocrx_word' id='word_1_247' title='bbox 938 1984 946 1992; x_wconf 94' lang='lat'><strong>.</strong></span> <span class='ocrx_word' id='word_1_248' title='bbox 966 1959 1048 1991; x_wconf 77' lang='lat' dir='ltr'>haec</span> <span class='ocrx_word' id='word_1_249' title='bbox 1065 1960 1162 1993; x_wconf 71' lang='lat' dir='ltr'>Ellis.</span> 
     </span>
    </p>

    <p class='ocr_par' dir='ltr' id='par_1_9' title="bbox 155 2002 930 2045">
     <span class='ocr_line' id='line_1_38' title="bbox 155 2002 930 2045; baseline 0 -10"><span class='ocrx_word' id='word_1_250' title='bbox 155 2005 184 2024; x_wconf 78' lang='lat'>⁴⁵</span> <span class='ocrx_word' id='word_1_251' title='bbox 206 2004 334 2045; x_wconf 75' lang='lat' dir='ltr'>irigora</span> <span class='ocrx_word' id='word_1_252' title='bbox 350 2003 476 2034; x_wconf 70' lang='lat' dir='ltr'>Aldine</span> <span class='ocrx_word' id='word_1_253' title='bbox 492 2003 617 2034; x_wconf 73' lang='lat' dir='ltr'>edition</span> <span class='ocrx_word' id='word_1_254' title='bbox 636 2004 717 2035; x_wconf 77' lang='lat'>1517</span> <span class='ocrx_word' id='word_1_255' title='bbox 733 2017 740 2035; x_wconf 71' lang='grc' dir='ltr'><strong><em>ε</em></strong></span> <span class='ocrx_word' id='word_1_256' title='bbox 765 2002 877 2034; x_wconf 80' lang='lat' dir='ltr'>sidera</span> <span class='ocrx_word' id='word_1_257' title='bbox 894 2008 930 2035; x_wconf 80' lang='grc' dir='ltr'>Ω.</span> 
     </span>
    </p>

    <p class='ocr_par' dir='ltr' id='par_1_10' title="bbox 155 2045 745 2078">
     <span class='ocr_line' id='line_1_39' title="bbox 155 2045 745 2078; baseline -0.002 0"><span class='ocrx_word' id='word_1_258' title='bbox 155 2048 183 2067; x_wconf 79' lang='lat'>⁴⁶</span> <span class='ocrx_word' id='word_1_259' title='bbox 206 2050 353 2078; x_wconf 73' lang='lat' dir='ltr'>stertere</span> <span class='ocrx_word' id='word_1_260' title='bbox 367 2045 494 2077; x_wconf 69' lang='lat' dir='ltr'>Aldina</span> <span class='ocrx_word' id='word_1_261' title='bbox 510 2046 634 2077; x_wconf 68' lang='lat' dir='ltr'>edition</span> <span class='ocrx_word' id='word_1_262' title='bbox 654 2047 745 2078; x_wconf 79' lang='lat'>1534.</span> 
     </span>
    </p>
   </div>
   <div class='ocr_carea' id='block_1_4' title="bbox 113 2090 188 2135">
    <p class='ocr_par' dir='ltr' id='par_1_11' title="bbox 113 2090 188 2135">
     <span class='ocr_line' id='line_1_40' title="bbox 113 2090 188 2135; baseline 0 -7"><span class='ocrx_word' id='word_1_263' title='bbox 113 2090 188 2135; x_wconf 77' lang='lat'>496</span> 
     </span>
    </p>
   </div>
   <div class='ocr_carea' id='block_1_5' title="bbox 1391 1308 1399 1423">
    <p class='ocr_par' dir='ltr' id='par_1_12' title="bbox 1391 1308 1399 1423">
     <span class='ocr_line' id='line_1_41' title="bbox 1391 1308 1399 1423; textangle 90"><span class='ocrx_word' id='word_1_264' title='bbox 1395 1411 1399 1423; x_wconf 87' lang='lat'>..</span> <span class='ocrx_word' id='word_1_265' title='bbox 1391 1308 1399 1403; x_wconf 53' lang='lat' dir='ltr'><strong>..um—-</strong></span> 
     </span>
    </p>
   </div>
  </div>
 </body>
</html>
