1399 2271
628 36 819 74 VIRGIL

136 123 234 161 Solis
252 126 313 160 avi
333 126 558 173 specimen;
586 124 687 173 bigis
707 126 738 160 it
758 123 912 161 Turnus
931 127 973 160 in
993 124 1104 172 albis,

135 187 225 221 bina
243 199 362 221 manu
381 185 462 222 lato
481 187 654 234 crispans
674 184 831 222 hastilia
850 185 964 223 ferro.
1238 186 1308 225 165

134 247 225 283 hinc
245 252 357 296 pater
377 247 546 293 Aeneas,
568 247 766 283 Romanae
786 249 917 296 stirpis
937 250 1059 297 origo,

133 309 285 346 sidereo
303 308 469 358 flagrans
489 308 616 358 clipeo
636 313 678 345 et
698 307 933 345 caelestibus
952 312 1080 354 armis,

134 376 183 408 et.
193 373 303 408 iuxta
321 371 525 415 Ascanius,
545 383 713 419 magnae
733 383 821 418 spes
841 369 965 407 altera
988 371 1146 417 Romae,

132 432 354 482 procedunt
373 434 523 477 castris,
542 445 719 481 puraque
739 434 780 468 in
800 437 910 468 veste
930 433 1110 469 sacerdos

132 497 316 544 saetigeri
336 494 463 531 fetum
483 496 562 530 suis
580 496 857 543 intonsamque
878 494 1084 531 bidentem
1237 499 1308 535 170

132 557 267 594 attulit
285 556 538 605 admovitque
558 568 678 605 pecus
698 555 952 604 flagrantibus
970 558 1057 593 aris.

132 619 188 654 illi
207 618 257 655 ad
277 623 507 667 surgentem
527 619 704 653 conversi
723 617 872 653 lumina
890 618 1014 654 solem

131 680 229 717 dant
247 679 381 729 fruges
400 680 580 715 manibus
600 679 717 715 salsas
738 684 780 715 et
798 684 978 728 tempora
997 680 1101 718 ferro

131 756 281 779 summa
300 747 442 778 notant
456 740 655 790 pecudum
671 743 896 791 paterisque
912 741 1049 779 altaria
1063 732 1199 782 libant.

131 810 215 841 tum
235 807 322 853 pius
342 803 499 839 Aeneas
519 805 656 839 stricto
676 805 731 839 sic
751 815 845 839 ense
866 809 1070 852 precatur:
1236 810 1306 846 175

131 870 154 886 “
167 870 251 902 esto
266 878 371 901 nunc
387 864 453 901 Sol
470 867 583 901 testis
600 869 641 901 et
656 863 754 900 haec
770 864 866 900 mihi
879 864 998 901 Terra
1010 870 1202 915 precanti,

130 940 245 976 quam
266 931 427 976 propter
446 931 579 962 tantos
600 928 710 974 potui
730 925 906 974 perferre
926 926 1092 973 labores,

129 994 171 1025 et
190 993 302 1037 pater
322 990 572 1036 omnipotens
593 991 634 1023 et
653 991 697 1023 tu
718 986 901 1023 Saturnia
921 991 1104 1035 coniunx,

128 1053 204 1085 iam
217 1049 366 1093 melior,
379 1051 469 1093 iam,
482 1048 584 1094 diva,
599 1061 736 1097 precor
750 1061 758 1092 ;
784 1054 908 1098 tuque
922 1050 1071 1087 inclute
1088 1052 1254 1099 Mavors,

129 1116 269 1148 cuncta
289 1116 357 1147 tuo
377 1112 443 1159 qui
463 1109 581 1155 bella,
599 1115 725 1159 pater,
747 1110 818 1146 sub
834 1113 997 1148 numine
1012 1117 1195 1162 torques;
1234 1119 1305 1152 180

130 1172 344 1221 Fontisque
366 1171 599 1220 Fluviosque
619 1184 727 1216 voco,
747 1184 925 1221 quaeque
945 1173 1116 1211 aetheris
1130 1175 1200 1212 alti

128 1234 266 1283 religio
287 1239 328 1270 et
347 1246 447 1283 quae
467 1232 648 1269 caeruleo
667 1238 760 1269 sunt
779 1236 943 1269 numina
961 1240 1109 1284 ponto:

128 1298 290 1333 cesserit
309 1295 484 1331 Ausonio
504 1297 535 1331 si
555 1295 632 1331 fors
653 1297 814 1331 victoria
833 1295 978 1342 Turno,

127 1360 312 1394 convenit
332 1356 507 1393 Euandri
526 1358 649 1392 victos
670 1356 875 1394 discedere
895 1357 943 1394 ad
965 1359 1115 1406 urbem,

127 1419 245 1456 cedet
266 1419 372 1455 Iulus
392 1421 506 1467 agris,
527 1431 601 1455 nec
620 1423 710 1466 post
729 1431 836 1454 arma
857 1418 936 1455 ulla
955 1420 1123 1458 rebelles
1233 1429 1302 1462 185

128 1480 341 1517 Aeneadae
361 1480 538 1516 referent
557 1479 710 1516 ferrove
730 1479 828 1516 haee
848 1493 970 1529 regna
989 1481 1196 1521 lacessent.

127 1545 185 1579 sin
205 1547 383 1579 nostrum
403 1542 588 1578 adnuerit
607 1542 719 1578 nobis
741 1542 913 1579 Victoria
935 1543 1105 1581 Martem

127 1603 189 1654 (ut
208 1606 338 1653 potius
358 1616 444 1639 reor
465 1608 506 1640 et
524 1606 655 1652 potius
674 1603 714 1639 di
735 1607 898 1641 numine
919 1604 1107 1657 firment),

126 1679 205 1702 non
225 1678 300 1714 ego
319 1678 393 1702 nec
413 1665 575 1702 Teucris
596 1665 716 1702 Italos
737 1678 873 1715 parere
894 1668 1038 1704 iubebo

125 1740 199 1764 nec
218 1726 315 1762 mihi
334 1740 457 1775 regna
475 1731 593 1776 peto:
621 1728 778 1776 paribus
798 1740 840 1764 se
859 1727 1013 1777 legibus
1032 1731 1170 1769 ambae
1231 1737 1301 1775 190

125 1790 294 1824 invictae
315 1793 456 1836 gentes
475 1793 638 1824 aeterna
657 1790 697 1824 in
718 1788 877 1825 foedera
897 1793 1070 1828 mittant.

190 1856 234 1875 ²⁷⁸
257 1857 411 1896 precanti
429 1858 475 1894 Μ,
495 1856 649 1888 Seri-ins:
672 1858 810 1888 vocanti
826 1858 932 1897 P1271.

190 1898 234 1918 ¹⁷⁸
256 1899 419 1937 coniunx]
435 1899 522 1929 Iuno
540 1900 655 1936 mab,
676 1899 810 1931 Servius
825 1901 881 1940 (cs.
905 1903 987 1939 150¹).

190 1941 233 1960 ¹⁸⁴
256 1941 420 1973 decedere
437 1943 497 1975 ΜΣ.
591 1943 634 1962 ¹⁸⁸
658 1943 799 1984 propius
814 1942 851 1975 di
866 1945 904 1976 R.
954 1946 1094 1977 numina
1111 1948 1216 1988 l'2R7.

127 1989 203 2022 310
