1399 2271
641 47 831 84 VIRGIL

152 134 333 171 Maeonio
352 136 435 183 regi
455 147 573 183 quem
593 146 702 172 serva
723 135 926 184 Licymnia
944 135 1080 173 furtim

149 188 361 225 sustulerat
381 190 591 238 vetitisque
610 188 660 224 ad
679 188 834 224 Troiam
852 191 1013 226 miserat
1031 192 1160 236 armis,

150 254 244 278 ense
263 242 360 278 levis
378 241 486 277 nudo
505 254 716 291 parmaque
735 242 925 290 inglorius
943 243 1042 281 alba.

150 298 260 345 isque
280 295 346 330 ubi
365 307 407 331 se
427 294 548 331 Turni
567 295 698 332 media
716 298 821 331 inter
839 295 946 332 milia
964 297 1076 341 vidit,

151 348 242 384 hine
260 351 363 385 acies
383 353 503 398 atque
522 348 614 384 hinc
633 351 735 385 acies
754 348 910 385 adstare
931 348 1104 395 Latinas,
1248 355 1322 388 550

151 407 195 438 ut
213 401 307 447 fera,
328 415 427 451 quae
446 401 570 438 densa
587 407 804 439 venantum
822 407 958 451 saepta
977 416 1118 439 corona

150 460 285 492 contra
304 455 386 492 tela
404 454 500 492 furit
519 468 684 505 seseque
704 455 809 492 haud
828 459 960 492 nescia
978 459 1094 493 morti

150 511 262 545 inicit
281 514 323 545 et
342 508 443 545 saltu
463 522 579 557 supra
598 509 791 545 venabula
810 508 947 555 fertur,

151 562 255 598 haud
274 562 389 598 aliter
408 564 559 598 iuvenis
577 562 727 599 medios
746 565 956 599 moriturus
975 566 1015 598 in
1035 563 1158 600 hostis

151 618 272 652 inruit
291 621 333 652 et
351 628 426 664 qua
445 615 526 652 tela
543 615 653 652 videt
672 616 902 652 densissima
920 616 1062 653 tendit.
1250 621 1323 654 555

150 675 191 705 at
210 668 376 717 pedibus
395 669 513 717 longe
532 669 671 705 melior
691 669 818 718 Lycus
838 672 944 706 inter
962 675 1004 706 et
1022 670 1146 706 hostis

152 725 255 759 inter
274 727 316 759 et
333 735 440 758 arma
460 722 554 771 fuga
572 735 702 758 muros
722 728 838 759 tenet
856 723 1013 772 altaque
1033 728 1160 760 certat

151 775 345 824 prendere
358 780 466 812 tecta
478 789 596 811 manu
610 779 835 825 sociumque
848 779 1045 825 attingere
1059 777 1227 814 dextras.

151 842 268 878 quem
287 829 442 865 Turnus
461 832 610 878 pariter
629 842 742 865 cursu
762 829 923 878 teloque
944 836 1101 867 secutus

151 885 329 931 increpat
341 882 400 918 his
413 885 537 919 vietor
551 896 559 919 :
580 886 604 903 “
615 888 820 919 nostrasne
833 883 1012 929 evadere,
1026 884 1203 928 demens,
1250 882 1325 920 560

153 938 317 985 sperasti
336 941 378 972 te
398 949 511 984 posse
530 948 668 972 manus
682 937 696 972 ?
711 936 732 947 ’'
763 936 878 972 simul
897 939 1034 986 arripit
1054 940 1181 985 ipsum

152 989 396 1038 pendentem
417 994 459 1026 et
476 1002 619 1038 magna
637 992 738 1025 muri
759 1002 847 1025 cum
866 995 979 1038 parte
998 991 1176 1034 revellit;

151 1042 274 1091 qualis
286 1043 353 1079 ubi
365 1047 434 1078 aut
445 1042 620 1091 leporem
634 1048 702 1079 aut
715 1043 901 1080 candenti
915 1056 1075 1092 corpore
1089 1058 1255 1094 cycnum

151 1096 310 1132 sustulit
327 1096 408 1132 alta
425 1101 568 1144 petens
587 1097 755 1145 pedibus
775 1096 876 1132 Iovis
896 1100 1065 1146 armiger
1084 1101 1206 1143 uncis,

151 1151 372 1198 quaesitum
390 1154 459 1186 aut
478 1152 594 1186 matri
614 1149 748 1186 multis
768 1150 962 1187 balatibus
981 1164 1126 1200 agnum
1251 1150 1323 1188 565

155 1203 318 1238 Martius
337 1216 359 1238 a
378 1202 541 1239 stabulis
560 1206 689 1252 rapuit
708 1203 833 1252 lupus.
881 1203 1056 1253 undique
1077 1204 1222 1241 clamor

152 1256 327 1292 tollitur:
356 1256 549 1292 invadunt
568 1261 610 1293 et
628 1256 748 1293 fossas
767 1269 912 1305 aggere
933 1257 1158 1306 complent3

150 1309 325 1346 ardentis
344 1309 480 1345 taedas
499 1309 564 1345 alii
583 1309 632 1346 ad
651 1309 810 1359 fastigia
828 1313 987 1348 iactant.

152 1362 325 1399 Ilioneus
345 1375 437 1398 saxo
457 1367 577 1412 atque
596 1365 751 1411 ingenti
771 1363 964 1412 fragmine
983 1367 1128 1400 montis

153 1415 361 1452 Lucetium
381 1421 517 1464 portae
537 1417 772 1453 subeuntem
794 1419 974 1466 ignisque
994 1417 1203 1464 ferentem,
1252 1421 1326 1457 570

151 1469 387 1505 Emathiona
408 1468 540 1518 Liger,
560 1470 803 1519 Corynaeum
823 1473 966 1507 sternit
985 1471 1124 1516 Asilas,

150 1522 214 1558 hie
233 1522 359 1558 iaculo
378 1523 516 1568 bonus,
536 1523 602 1559 hie
620 1523 739 1572 longe
758 1523 924 1560 fallente
944 1527 1101 1572 sagitta,

151 1575 363 1625 Ortygium
384 1575 573 1621 Caeneus,
593 1579 781 1613 victorem
802 1576 955 1613 Caenea
974 1577 1142 1623 Turnus,

150 1629 304 1665 Turnus
320 1629 411 1678 Ityn
424 1629 946 1679 Cloniumque,Di0xippum
962 1631 1263 1680 Promolumque

150 1687 191 1718 et
207 1682 382 1730 Sagarim
398 1687 440 1720 et
454 1686 615 1720 summis
630 1689 802 1720 stantem
818 1697 888 1732 pro
902 1684 1074 1721 turribus
1090 1684 1202 1730 Idan,
1249 1685 1322 1723 575

415 1791 460 1810 ⁵⁵5
482 1792 553 1823 ruit
568 1791 660 1832 P271.
807 1792 851 1811 ⁵⁵²³
875 1791 998 1823 dextra.
1014 1794 1044 1824 R

190 1913 202 1934 ¹
227 1913 283 1944 He
299 1923 368 1944 was
384 1917 443 1944 too
459 1924 573 1954 young
590 1917 626 1946 to
644 1915 711 1946 win
736 1914 950 1954 distinction,
969 1914 1036 1946 and
1061 1915 1232 1948 therefore
1255 1917 1322 1948 had

148 1967 192 1988 no
208 1956 326 1987 device
343 1966 386 1987 on
403 1956 455 1987 his
471 1957 591 1988 shield.

153 2003 226 2037 150
