1399 2271
672 111 864 150 VIRGIL

234 201 391 237 Talibus
413 200 570 236 Allecto
590 198 705 235 dictis
726 201 871 234 exarsit
890 200 929 233 in
950 200 1035 235 iras.
1275 203 1349 236 445

180 260 220 291 at
240 257 370 291 iuveni
390 255 515 290 oranti
537 253 688 288 subitus
709 256 855 287 tremor
874 256 1040 300 occupat
1058 256 1177 298 artus,

181 308 386 356 deriguere
406 306 507 342 oculi
525 318 532 341 :
560 310 622 341 tot
641 304 781 354 Erinys
801 304 932 340 sibilat
952 304 1086 354 hydris

182 366 370 409 tantaque
390 372 430 395 se
451 359 571 394 facies
590 360 728 407 aperit.
771 362 856 393 tum
876 357 1054 393 flammea
1073 363 1262 408 torquens

183 413 327 449 lumina
348 417 601 449 cunctantem
622 416 664 448 et
683 415 941 460 quaerentem
961 410 1092 447 dicere
1113 411 1225 461 plura

180 466 353 515 reppulit
371 470 413 502 et
431 467 608 514 geminos
628 466 755 500 erexit
773 464 945 500 crinibus
962 467 1115 513 anguis,
1275 468 1350 502 450

180 533 200 555 v
194 520 418 569 erberaque
438 520 612 554 insonuit
630 516 845 566 rabidoque
864 516 962 554 haec
981 517 1136 554 addidit
1155 530 1221 555 ore

181 577 267 609 “en
287 585 360 621 ego
380 574 482 608 victa
501 574 591 615 situ,
612 583 726 620 quam
749 572 830 607 veri
849 570 967 608 effeta
986 576 1170 608 senectus

179 639 284 662 aima
303 628 408 661 inter
426 637 564 673 regum
584 623 680 660 falsa
699 623 908 660 formidine
928 623 1040 660 ludit.

179 681 328 727 respice
348 678 396 714 ad
416 678 512 714 11366
528 690 535 712 :
555 677 692 713 adsum
705 676 876 713 dirarum
890 677 938 713 ab
951 677 1045 714 sede
1058 690 1245 723 sororum,

180 732 281 768 bella
300 745 418 767 manu
438 731 642 780 letumque
662 730 795 779 gero.”
1272 734 1347 768 455

231 785 295 821 Sic
314 785 428 821 effata
448 783 573 820 facem
593 786 723 820 iuveni
744 785 913 820 coniecit
932 788 974 820 et
992 788 1078 820 atro

180 838 326 874 lumine
348 837 533 874 fumantis
554 836 637 874 fixit
656 837 729 873 sub
748 841 907 885 pectore
927 837 1074 874 taedas.

178 891 244 926 olli
259 904 437 927 somnum
454 893 594 939 ingens
609 892 757 939 rumpit
771 903 901 939 pavor,
916 903 1079 940 ossaque
1095 895 1137 928 et
1150 895 1257 928 artus

179 943 382 992 perfundit
401 949 485 980 toto
505 948 714 992 proruptus
733 955 894 992 corpore
914 943 1040 979 sudor.

178 1010 283 1033 arma
302 1010 436 1034 amens
456 996 601 1041 fremit,
616 1009 723 1033 arma
742 1001 829 1033 toro
843 999 1039 1046 tectisque
1055 999 1242 1046 requirit3
1272 996 1348 1034 460

178 1053 301 1087 saevit
319 1063 427 1087 amor
446 1049 537 1086 ferri
557 1054 598 1086 et
616 1049 807 1087 scelerata
825 1051 975 1086 insania
993 1049 1100 1095 belli,

178 1106 233 1139 ira
251 1116 389 1152 super:
419 1116 562 1152 magno
582 1102 704 1139 veluti
724 1116 813 1139 cum
833 1102 986 1139 flamma
1005 1116 1144 1141 sonore

179 1159 308 1205 virgea
328 1159 553 1205 suggeritur
572 1158 690 1192 costis
710 1156 896 1193 undantis
915 1158 1004 1192 aeni

177 1209 454 1259 exsultantque
474 1214 584 1246 aestu
604 1209 754 1254 latices,
776 1208 871 1246 furit
889 1211 996 1246 intus
1014 1211 1128 1259 aquai

178 1262 348 1299 fumidus
366 1268 486 1312 atque
505 1262 586 1299 alte
606 1265 753 1311 spumis
773 1263 964 1299 exuberat
982 1265 1120 1308 amnis,
1271 1262 1346 1301 465

176 1329 250 1352 nec
271 1319 346 1351 iam
367 1329 407 1352 se
428 1318 533 1364 capit
552 1315 671 1361 unda,
692 1315 796 1352 volat
814 1329 933 1365 vapor
953 1320 1037 1352 ater
1056 1315 1104 1353 ad
1124 1329 1246 1353 auras.

176 1381 270 1417 ergo
290 1371 365 1405 iter
383 1369 431 1405 ad
453 1382 587 1417 regem
607 1368 757 1417 polluta
777 1382 872 1418 pace
896 1368 1079 1405 Latinum

176 1422 314 1457 indicit
334 1424 467 1470 primis
486 1425 671 1458 iuvenum
692 1427 734 1458 et
753 1423 864 1458 iubet
883 1435 987 1458 arma
1008 1425 1146 1471 parari,

176 1477 294 1511 tutari
316 1474 481 1520 Italiam,
501 1475 714 1511 detrudere
735 1475 875 1511 finibus
893 1475 1072 1519 hoste1n;

176 1540 216 1563 se
236 1530 328 1564 satis
347 1529 535 1564 ambobus
555 1528 793 1577 Teucrisque
815 1531 947 1565 venire
969 1529 1209 1578 Latinisque.
1291 1541 1345 1566 MR

176 1580 271 1617 11366
292 1581 356 1616 ubi
377 1581 481 1617 dicta
501 1581 613 1617 dedit
631 1582 819 1631 divosque
840 1584 880 1618 in
900 1587 989 1618 vota
1010 1585 1171 1628 vocavit,
1270 1585 1339 1622 471

175 1637 351 1670 certatim.
375 1648 458 1671 sese
482 1634 615 1671 Rutuli
635 1635 895 1671 exhortantur
914 1638 953 1671 in
973 1648 1089 1671 arma.

175 1686 278 1723 hunc
291 1687 410 1723 decus
424 1690 625 1736 egregium
641 1687 787 1724 formae
801 1693 933 1724 movet
945 1693 1064 1738 atque
1077 1691 1275 1736 iuventae,

174 1739 278 1776 1111116
298 1743 399 1776 atavi
422 1754 547 1790 reges,
569 1740 672 1777 hunc
692 1741 805 1778 claris
825 1741 990 1778 dextera
1009 1742 1135 1780 factis.

215 1841 259 1861 ⁸⁶1
282 1841 401 1882 rapido
418 1842 492 1881 F’yl.

215 1884 258 1902 ⁴⁵9
280 1884 436 1925 perfudit
451 1885 496 1915 M.
517 1888 725 1926 praeruptus
741 1885 816 1925 F⁶y¹.

213 1926 258 1946 4⁶⁴
279 1937 387 1968 aquae
404 1927 454 1957 vis
471 1928 538 1965 FB,
566 1927 782 1960 Macrobius:
805 1928 918 1977 aquai,
938 1928 1118 1970 accordiny
1140 1933 1171 1962 to
1193 1929 1338 1969 Servius,

170 1979 237 2000 was
257 1968 453 2002 introduced
475 1969 516 2010 by
543 1970 652 2002 Tucca
675 1971 746 2002 and
775 1970 898 2003 Varius
911 1971 976 2012 sor
998 1971 1049 2004 the
1072 1972 1219 2013 oriyinal
1233 1983 1341 2016 aquae

168 2012 288 2043 amnis.

169 2059 218 2092 34
