1399 2271
626 64 816 101 VIRGIL

132 152 319 187 continuo
338 152 378 185 in
397 151 543 186 montis
561 162 647 187 sese
666 151 774 186 avius
793 149 947 186 abdidit
965 149 1064 187 altos
1226 153 1301 187 810

131 206 258 240 occiso
276 208 432 253 pastore
450 202 567 252 lupus
584 215 778 253 magnove
796 205 976 248 iuvenco,

132 259 308 294 conscius
327 256 484 293 audacis
502 256 611 302 facti,
629 256 872 306 caudamque
892 257 1112 293 remulcens

131 311 299 348 subiecit
317 313 562 360 pavitantem
580 315 694 347 utero
713 310 906 360 silvasque
925 313 1090 359 petivit:

132 364 238 401 haud
257 377 369 401 secus
387 377 435 401 ex
455 363 577 400 oculis
596 376 638 400 se
657 363 838 400 turbidus
856 363 1021 400 abstulit
1040 364 1190 401 Arruns

132 423 423 467 contentusque
443 417 537 466 fuga
554 417 695 454 mediis
713 430 755 453 se
775 419 987 454 immiscuit
1005 419 1131 454 armis.
1228 422 1302 456 815

132 471 198 508 illa
215 484 334 507 manu
354 473 525 508 moriens
543 470 668 507 telum
687 470 822 516 trahit,
841 483 926 507 ossa
945 470 1015 508 sed
1034 473 1139 507 inter

133 524 282 562 ferreus
300 524 351 561 ad
371 530 497 561 costas
515 524 596 560 alto
615 529 695 560 stat
713 523 872 561 volnere
892 537 1038 562 mucro.

132 579 278 615 labitur
296 580 516 627 exsanguis,
535 578 723 614 labuntur
740 577 883 627 frigida
902 577 985 614 leto

132 632 293 677 lumina,
312 644 532 681 purpureus
551 631 749 681 quondam
767 630 873 668 color
891 644 956 667 ora
975 631 1145 681 reliquit.

133 691 219 722 tum
238 688 292 722 sic
312 687 513 734 exspirans
532 685 691 730 Accam,
711 697 760 721 ex
777 684 1006 734 aequalibus
1025 698 1157 732 unam,
1231 689 1305 722 820

132 738 371 788 adloquitur,
390 738 466 774 fida
485 743 579 774 ante
598 738 692 775 alias
711 750 811 788 quae
831 738 911 775 sola
931 738 1130 785 Camillae,

133 794 291 842 quicum
310 794 446 841 partiri
465 804 589 837 curas,
607 796 727 841 atque
747 791 845 828 haec
863 794 919 828 ita
938 791 1065 830 fatur:

133 850 157 866 ‘⁶
169 845 376 890 hactenus,
390 845 492 881 Acca
505 858 623 890 soror,
635 847 746 894 potui
761 857 770 889 ;
788 858 894 882 nunc
906 845 1044 882 volnus
1056 847 1240 883 acerbum

134 898 290 936 conficit
310 904 352 935 et
369 899 544 935 tenebris
563 901 794 947 nigrescunt
812 901 942 935 omnia
961 901 1117 936 circum.

134 952 262 1001 effuge
283 957 325 989 et
343 951 441 989 haec
461 951 594 988 Turno
613 951 799 988 mandata
818 954 1026 989 novissima
1046 952 1200 1002 perfer:
1231 957 1304 990 825

133 1005 320 1042 succedat
337 1018 494 1054 pugnae
514 1005 780 1055 Troianosque
798 1011 930 1042 arceat
948 1007 1056 1043 urbe.

133 1062 289 1109 iamque
301 1058 425 1095 vale.'’
464 1058 579 1095 simul
595 1058 655 1094 his
670 1058 785 1095 dictis
800 1058 1006 1109 linquebat
1020 1059 1207 1106 habenas,

133 1112 181 1149 ad
202 1117 348 1149 terram
367 1124 447 1148 non
466 1117 608 1161 sponte
627 1111 762 1149 fluens.
818 1117 904 1149 tum
925 1112 1067 1161 frigida
1085 1118 1171 1150 toto

133 1165 322 1214 paulatim
342 1164 510 1202 exsolvit
529 1177 571 1202 se
591 1178 752 1215 corpore
771 1165 960 1215 lentaque
980 1166 1080 1202 colla

134 1225 176 1256 et
195 1224 354 1268 captum
375 1218 475 1255 Leto
495 1221 626 1268 posuit
644 1224 774 1268 caput,
794 1232 900 1255 arma
919 1219 1159 1269 relinquens,
1232 1224 1307 1258 830

132 1275 291 1322 vitaque
311 1285 400 1309 cum
421 1274 572 1321 gemitu
593 1271 697 1321 fugit
716 1273 922 1321 indignata
941 1274 1013 1310 sub
1032 1275 1199 1311 umbras.

132 1331 218 1363 tum
237 1339 329 1363 vero
347 1329 562 1362 immensus
581 1338 746 1374 surgens
766 1326 859 1362 ferit
876 1339 994 1363 aurea
1013 1326 1158 1363 clamor

133 1379 284 1416 sidera:
313 1379 468 1415 deiecta
487 1378 683 1415 crudescit
702 1392 835 1428 pugna
855 1379 1040 1424 Camilla3

132 1435 339 1470 incurrunt
358 1432 471 1469 densi
491 1432 605 1468 simul
626 1434 751 1468 omnis
771 1435 881 1482 copia
902 1433 1097 1470 Teucrum

132 1485 406 1536 Tyrrhenique
425 1485 545 1522 duces
566 1485 819 1535 Euandrique
842 1486 1013 1523 Arcades
1031 1486 1127 1524 alae.
1231 1492 1304 1526 835

187 1540 242 1576 At
260 1538 414 1575 Triviae
434 1544 564 1575 custos
583 1538 812 1576 iamdudum
832 1541 873 1575 in
888 1540 1087 1577 montibus
1105 1540 1201 1590 Opis

131 1592 210 1629 alta
230 1593 345 1630 sedet
363 1594 524 1629 summis
543 1597 777 1642 spectatque
796 1595 977 1630 interrita
996 1607 1170 1642 pugnas3

132 1651 253 1696 utque
270 1645 405 1695 procul
421 1645 552 1683 medio
564 1648 751 1683 iuvenum
764 1649 805 1682 in
817 1645 985 1683 clamore
999 1646 1201 1684 furentum

173 1758 217 1778 ⁸1⁹
241 1759 408 1801 relinquit
424 1770 449 1791 c.

173 1801 216 1821 ³²¹
239 1801 342 1833 fidam
359 1804 392 1833 Μ
398 1802 496 1840 ²P71:
518 1802 587 1833 fida
603 1803 712 1840 Amic,
731 1803 874 1836 Servius.

173 1845 217 1863 ⁸²²
239 1855 385 1885 quacum
401 1845 510 1885 P²7²c.
590 1845 633 1864 ⁸²⁶
658 1845 734 1877 urbi
751 1846 835 1878 P1R.

171 1887 215 1936 {3⁰
239 1888 434 1929 relinquens
451 1889 489 1918 M
504 1889 789 1937 (correct-edfrom
805 1889 985 1938 relinquit)
1001 1891 1052 1930 Ργ
1064 1901 1074 1922 .·
1097 1890 1238 1932 reliquit
1253 1892 1301 1923 R.

128 1930 991 2016 resq523122313522332230355‘22’23555523233·12⁷2.
1028 1975 1198 2008 ........
1215 1975 1300 2016 Μ...

133 2020 208 2058 290
