1399 2271
609 73 801 110 VIRGIL

117 162 249 199 luteae
269 160 394 198 violae
413 160 510 197 mihi
530 160 781 210 lacteumque
800 172 983 209 papaver,

118 215 391 265 pallentesque
410 214 636 251 cucurbitae
656 218 698 250 et
716 226 835 250 suave
854 213 1003 250 olentia
1021 212 1137 257 mala,

118 283 190 305 uva
209 272 418 318 pampinea
437 269 582 304 rubens
602 266 770 304 educata
788 268 860 303 sub
878 267 1028 303 umbra.

118 325 308 372 sanguine
328 322 426 358 haee
446 325 565 358 etiam
584 320 806 358 mihi—sed
825 320 1169 357 tacebitis—arma
1245 323 1290 356 15

119 377 302 412 barbatus
322 376 412 412 linit
432 375 604 411 hirculus
624 377 882 424 cornipesque
902 373 1064 424 capella.

119 443 187 479 pro
206 433 292 479 quis
312 432 442 466 omnia
460 429 673 465 honoribus
692 441 798 464 nunc
816 441 979 465 necesse
1001 427 1138 476 Priapo
1158 431 1219 464 est

118 489 330 532 praestare,
350 488 391 519 et
410 482 558 519 domini
578 481 779 519 hortulum
800 484 1033 531 vineamque
1052 483 1166 517 tueri.

118 550 238 587 quare
257 537 362 582 hinc,
384 550 406 573 o
425 539 551 586 pueri,
569 535 691 572 malas
710 536 910 572 abstinete
929 537 1095 584 rapinas.

118 594 266 627 vicinus
286 603 408 640 prope
428 590 538 627 dives
558 595 618 626 est
640 589 939 639 neglegensque
961 588 1133 638 Priapus.
1242 592 1292 624 20

118 644 210 681 inde
231 647 399 681 sumite:
428 646 569 681 semita
586 643 686 680 haec
705 642 851 679 deinde
872 655 939 679 vos
958 642 1063 679 feret
1080 644 1174 691 ipsa.

160 747 189 766 1⁴
210 748 406 788 pampinea]
425 747 562 778 Garrod
575 757 733 787 proposes
748 745 883 788 faginea
898 756 938 777 or
952 744 1113 788 populea.

160 790 188 809 ¹⁵
212 791 376 831 sanguine
399 790 507 821 haee.
528 814 536 820 .
557 814 564 821 .
584 800 679 820 arma.
711 789 806 820 Voss:
827 789 993 831 sanguine
1009 790 1120 821 hanc.
1142 814 1150 821 .
1170 814 1177 821 .
1198 800 1292 821 aram

120 834 244 864 *mutuet
247 845 293 864 ms
316 833 528 874 sanguinea.
549 857 556 864 .
576 858 582 864 .
603 843 698 863 arma
725 838 761 863 Ω.

161 876 187 895 ¹⁷
212 877 326 907 omnia
349 880 376 907 Ω
398 875 570 915 (omnibus
594 876 675 914 4ἸῙ).·
701 885 842 906 munera
860 875 975 906 Rzffese.
998 876 1115 906 munia
1131 876 1294 916 Maehly:

117 924 237 951 mutua
255 919 434 951 Baehrens.
482 929 573 950 nunc
591 918 774 950 Bzicheler:
789 918 869 949 huie
885 917 1047 950 Ribbeck.-
1062 918 1125 950 hoc
1142 923 1189 951 n:
1210 919 1293 950 haee

116 2035 193 2067 489
