1399 2271
633 58 825 96 VIRGIL

142 151 351 199 spargitur,
369 160 459 183 arva
479 159 579 183 nova
598 146 800 195 Neptunia
819 144 940 181 caede
959 145 1183 181 rubescunt.
1239 140 1314 185 695

141 206 279 251 regina
297 204 338 237 in
356 200 497 237 mediis
516 202 642 249 patrio
663 204 776 235 vocat
794 201 952 247 agmina
970 200 1098 244 sistro,

143 256 312 293 necdum
333 257 451 291 etiam
472 255 650 303 geminos
668 266 690 288 a
709 257 824 301 tergo
842 254 1002 300 respicit
1021 253 1170 299 anguis.

143 311 478 358 omnigenumque
499 307 618 343 deum
637 310 811 342 monstra
831 310 873 341 et
892 305 1055 341 latrator
1076 305 1226 340 Anubis

145 368 281 399 contra
296 362 528 410 Neptunum
542 365 583 396 et
596 359 792 396 Venerem
805 363 1018 407 contraque
1033 359 1252 394 Minervam

144 416 223 453 tela
243 420 396 453 tenent.
444 416 568 451 saevit
585 413 717 449 medio
735 415 777 448 in
796 414 1011 448 certamine
1031 411 1186 447 Mavors
1242 412 1317 449 700

145 470 316 507 caelatus
336 468 451 513 ferro,
471 470 683 516 tristesque
705 479 752 503 ex
771 465 934 502 aethere
957 465 1088 510 Dirae,

145 529 187 561 et
205 526 321 560 scissa
340 522 517 572 gaudens
537 520 645 556 vadit
665 519 869 556 Discordia
888 518 1003 567 palla,

145 590 261 627 quam
280 589 369 612 cum
389 577 604 623 sanguineo
623 576 801 623 sequitur
820 572 983 608 Bellona
1002 571 1166 620 flagello.

146 632 284 667 Actius
303 630 401 666 haec
421 641 587 665 cernens
605 640 738 663 arcum
757 625 993 662 intendebat
1013 625 1156 674 Apollo

146 684 337 732 desuper:
366 685 492 718 omnis
512 694 559 718 eo
578 688 727 718 terrore
748 680 955 728 Aegyptus
976 683 1017 715 et
1038 678 1139 724 Indi,
1243 679 1318 718 705

146 740 271 774 omnis
291 737 429 780 Arabs,
449 747 585 772 omnes
606 734 815 771 vertebant
833 738 946 781 terga
966 731 1115 769 Sabaei.

147 794 230 840 ipsa
248 790 456 826 videbatur
476 791 604 824 ventis
624 790 761 836 regina
780 789 926 823 vocatis

147 844 233 880 vela
252 844 345 880 dare
366 847 408 880 et
426 842 532 878 laxos
552 844 629 877 iam
649 844 805 890 iamque
824 842 1041 876 immittere
1063 838 1178 876 funis.

147 898 256 934 illam
276 899 381 933 inter
400 895 541 932 caedes
560 894 779 944 pallentem
796 898 924 929 morte
945 893 1076 929 futura

147 951 297 988 fecerat
317 950 549 999 Ignipotens
569 948 684 984 undis
704 952 746 984 et
767 947 915 996 Iapyge
935 945 1040 991 ferri,
1246 947 1320 986 710

147 1009 283 1041 contra
301 1008 434 1040 autem
454 1015 598 1051 magno
616 1006 861 1038 maerentem
881 1012 1040 1049 corpore
1063 999 1196 1036 Nilum

151 1057 473 1107 pandentemque
493 1059 599 1092 sinus
618 1060 660 1092 et
678 1059 763 1091 tota
782 1058 893 1090 veste
913 1058 1119 1089 vocantem

148 1111 371 1148 caeruleum
384 1110 631 1158 in‘gremium
645 1108 916 1157 latebrosaque
930 1106 1089 1143 flumina
1102 1109 1233 1144 victos.

148 1170 189 1201 at
210 1165 361 1209 Caesar,
381 1163 526 1211 triplici
546 1165 725 1198 invectus
747 1161 920 1197 Romana
939 1160 1140 1209 triumpho

148 1220 316 1263 moenia,
335 1217 394 1253 dis
416 1216 525 1253 Italis
544 1220 679 1252 votum
699 1214 920 1250 immortale
939 1215 1128 1259 sacrabat,
1248 1215 1322 1253 715

149 1274 318 1308 maxima
336 1275 398 1307 ter
417 1275 577 1306 centum
597 1273 722 1305 totam
742 1267 906 1304 delubra
925 1280 996 1316 per
1015 1267 1164 1303 urbem.

148 1325 300 1361 laetitia
319 1323 499 1373 ludisque
519 1325 603 1359 viae
624 1322 841 1371 plausuque
861 1321 1108 1364 fremebant;

149 1378 330 1415 omnibus
343 1380 383 1413 in
394 1376 554 1425 templis
566 1381 736 1412 matrum
749 1375 902 1419 chorus,
915 1374 1095 1410 omnibus
1108 1386 1195 1411 arae
1209 1386 1219 1418 ;

149 1437 242 1468 ante
261 1443 345 1467 aras
365 1436 510 1467 terram
531 1431 632 1466 caesi
652 1434 824 1466 stravere
844 1430 1009 1464 iuvenci.

149 1488 245 1534 ipse,
265 1484 407 1521 sedens
427 1486 542 1520 niveo
562 1482 768 1519 candentis
786 1482 922 1518 limine
944 1481 1104 1526 Phoebi,
1249 1482 1271 1520 7
1277 1484 1325 1517 20

149 1539 252 1575 dona
270 1540 517 1587 recognoscit
537 1536 768 1585 populorum
789 1540 979 1584 aptatque
999 1535 1176 1584 superbis

150 1592 349 1641 postibus;
377 1589 569 1627 incedunt
588 1592 715 1626 victae
733 1589 853 1638 longo
872 1588 1009 1625 ordine
1029 1594 1185 1637 gentes,

192 1688 237 1707 ⁶⁹⁸
260 1688 489 1730 nigenumque
517 1686 580 1725 5111,
607 1686 702 1718 hence
730 1685 998 1726 Niligennmque
1026 1685 1238 1723 Lachmann,
1257 1685 1326 1717 and

150 1732 434 1772 amnigenumque
452 1729 648 1770 Hoffinavm.
773 1729 816 1748 ⁷⁰⁰
841 1732 961 1759 tenens
976 1728 1053 1768 1²7¹.

193 1774 238 1794 ⁷0²
261 1773 361 1804 divae
377 1774 469 1804 Μ’·Ἰί.
773 1771 819 1791 ⁷⁰⁴²
841 1770 1007 1803 tendebat
1024 1772 1084 1810 Py.

193 1816 235 1837 ⁷²⁹
257 1817 410 1848 iuvencis
428 1814 527 1856 111271.
776 1814 822 1834 ⁷²²
844 1815 977 1856 gentes]
1001 1818 1128 1846 matres
1144 1814 1183 1846 R.

191 1928 202 1947 ¹
225 1928 297 1960 The
314 1928 399 1960 twin
417 1927 540 1958 snakes
557 1937 615 1958 are
631 1937 650 1958 a
667 1925 801 1968 symbol
818 1925 852 1957 of
869 1925 986 1959 death.
1021 1926 1065 1966 cs.
1083 1926 1167 1957 Aen.
1189 1933 1227 1957 11,
1247 1925 1322 1964 203,

153 1979 214 2002 vn.
234 1972 307 2010 450,
327 1979 409 2003 v111.
427 1972 500 2002 289.

155 2019 225 2052 108
