1399 2271
635 56 688 93 VI
696 56 824 94 RGIL

142 147 214 180 iste
235 143 346 180 dolor
365 143 534 193 solisque
554 143 648 180 licet
668 156 808 192 capere
828 156 934 179 arma
953 143 1142 193 Mycenis.

143 202 233 239 ‘sed
255 205 414 251 periisse
435 203 558 239 semel
576 205 669 239 satis
690 203 770 239 est'
789 216 797 239 ε
826 215 989 251 peccare
1009 202 1148 239 fuisset
1240 205 1312 238 140

140 267 233 298 ante
249 264 355 307 satis,
370 264 528 311 penitus
543 262 659 298 modo
674 274 753 298 non
769 275 894 310 genus
909 275 1025 298 omne
1041 274 1197 310 perosos

142 320 380 357 femineum:
409 321 549 370 quibus
568 320 666 357 haec
686 321 805 356 medii
826 320 966 357 fiducia
986 320 1075 356 valli

142 380 408 429 fossarumque
426 392 568 426 morae,
591 380 662 417 leti
682 380 905 416 discrimina
925 392 1054 428 parva,

141 438 238 475 dant
256 441 414 476 animos.
473 444 514 476 at
533 452 612 475 non
633 439 818 475 viderunt
838 441 993 475 moenia
1012 437 1152 474 Troiae

144 497 320 547 Neptuni
340 498 528 534 fabricata
546 511 663 534 manu
683 497 887 534 considere
906 500 947 533 in
967 497 1096 546 ignis?
1242 500 1313 532 145

141 557 210 593 sed
230 570 308 603 vos,
329 570 351 592 0
371 557 476 602 iecti,
498 556 598 594 ferro
619 560 704 606 quis
724 557 904 594 scindere
924 556 1068 592 vallum

141 621 304 664 apparat
324 621 365 652 et
385 629 539 653 mecum
560 616 710 652 invadit
730 615 969 665 trepidantia
989 616 1140 651 castra?

142 688 219 710 non
239 678 353 711 arinis
375 675 470 710 mihi
492 674 666 720 Volcani,
687 688 766 710 non
786 674 893 710 mille
915 676 1054 710 carinis

143 738 202 769 est
222 746 318 782 opus
339 736 378 768 in
398 733 578 769 Teucros.
636 732 786 769 addant
805 746 846 769 se
866 735 1044 781 protinus
1064 745 1200 769 omnes

142 792 295 829 Etrusci
316 794 448 829 socios.
507 793 692 829 tenebras
712 797 754 828 et
773 794 915 828 inertia
935 792 1039 828 furta
1244 794 1315 828 150

144 850 318 897 Palladii,
338 853 459 888 caesis
479 863 654 887 summae
676 850 904 887 custodibus
924 852 1035 895 arcis,

142 923 191 946 ne
211 913 392 955 timeant,
413 922 487 947 nec
507 912 596 959 equi
618 923 734 946 caeca
753 909 969 945 condemur
988 911 1028 944 in
1048 908 1160 946 alvo:

142 968 229 1005 luce
248 968 375 1017 palan]
397 974 548 1005 certum
569 974 630 1005 est
649 970 731 1016 igni
752 967 992 1004 circumdare
1013 980 1153 1005 muros.

142 1027 246 1063 haud
266 1028 337 1064 sibi
359 1041 448 1064 cum
469 1027 615 1063 Danais
636 1040 719 1063 rem
740 1026 829 1063 faxo
849 1032 891 1064 et
910 1028 1014 1076 pube
1037 1026 1199 1075 Pelasga

143 1099 226 1122 esse
240 1086 381 1131 ferant,
395 1086 592 1123 decimum
606 1099 700 1135 quos
713 1086 869 1122 distulit
887 1086 1039 1122 Hector
1052 1087 1091 1121 in
1105 1098 1261 1122 annum.

143 1158 246 1181 nunc
266 1145 376 1191 adeo,
398 1146 537 1182 melior
557 1148 740 1195 quoniam
761 1158 849 1195 pars
869 1150 956 1182 acta
978 1145 1071 1190 diei,
1246 1143 1318 1182 156

142 1204 246 1253 quod
266 1210 458 1253 superest,
478 1204 572 1241 laeti
592 1205 694 1241 bene
715 1207 838 1254 gestis
857 1217 1017 1253 corpora
1037 1205 1153 1241 rebus

143 1268 360 1311 procurate,
382 1266 466 1309 viri,
486 1269 528 1300 et
548 1277 722 1312 pugnam
744 1269 899 1312 sperate
920 1263 1084 1312 para1·i.”

195 1322 353 1358 Interea
373 1322 534 1371 vigilum
556 1323 730 1358 excubiis
751 1321 931 1358 obsidere
953 1327 1083 1370 portas

143 1394 233 1417 cura
252 1380 368 1417 datur
388 1381 570 1429 Messapo
591 1386 632 1417 et
652 1384 807 1417 moenia
827 1383 986 1429 cingere
1005 1380 1178 1417 flammis.
1247 1378 1318 1417 160

143 1440 199 1475 bis
220 1445 374 1488 septem
397 1439 544 1485 Rutuli,
565 1452 694 1476 muros
715 1442 780 1489 qui
801 1439 927 1476 milite
947 1445 1120 1485 servent,

143 1498 312 1542 delecti3
340 1504 401 1535 ast
419 1498 505 1535 illos
527 1501 686 1535 centeni
706 1511 904 1549 quemque
924 1504 1143 1548 sequuntur

142 1559 326 1605 purpurei
346 1559 472 1594 cristis
492 1559 654 1594 iuvenes
674 1570 847 1607 auroque
867 1560 1026 1594 corusci.

186 1620 230 1639 ¹⁴²⁰
253 1620 311 1651 sed
343 1620 370 1651 si
413 1620 434 1651 ².

185 1663 228 1682 ¹⁴¹¹
251 1621 434 1694 11011]modo
450 1664 480 1694 R
491 1677 499 1695 :
517 1663 617 1695 modo
633 1674 695 1694 neo
711 1674 797 1695 some
813 1664 867 1695 old
879 1664 976 1695 MSS.
993 1663 1034 1703 of
1046 1662 1203 1695 Pierius:
1219 1663 1318 1695 modo

142 1716 230 1736 nunc
254 1705 366 1737 Venice
383 1706 507 1737 edition
523 1707 564 1746 of
577 1708 667 1740 1472.
716 1717 857 1747 perosus
874 1706 1028 1746 F=M²7h
1051 1716 1208 1747 perosum
1226 1707 1272 1747 γι.

184 1749 226 1767 ¹¹³
251 1748 446 1780 discrimine
463 1749 576 1789 FlM‘y.
625 1760 732 1791 parvo
749 1749 949 1789 F2MP²R7.·
970 1759 1094 1790 parvas
1112 1749 1167 1782 ΡΙ.

185 1791 228 1810 ¹⁴¹⁶
251 1792 341 1831 quis]
357 1792 415 1832 qui
432 1793 527 1823 MSS.

183 1833 227 1853 ¹⁵¹
250 1834 370 1864 Fomzd
386 1834 421 1865 in
438 1835 485 1865 all
500 1836 583 1874 qood
606 1835 720 1872 MSS„
744 1835 799 1865 bul
821 1834 992 1875 yenerally
1013 1834 1164 1875 rejected.
1213 1835 1256 1876 qs.
1276 1843 1313 1867 11.

142 1877 210 1907 165.
251 1878 416 1915 summae]
433 1877 503 1908 late
519 1878 604 1910 F1R.
698 1877 741 1898 ¹⁵⁵
765 1877 893 1916 ferant]
909 1880 1036 1918 putent
1050 1878 1129 1910 MR.

183 1919 226 1938 ¹⁵⁶
249 1919 318 1950 diei
335 1923 388 1950 est
404 1920 499 1952 M²IL
695 1920 742 1940 ²⁶⁰
766 1919 902 1950 flamma
918 1921 986 1952 FR.

183 1961 226 1981 ¹⁶¹
250 1961 382 1993 Rutulo
398 1963 434 1992 M
438 1963 458 1994 1.
699 1963 743 1983 ¹⁶²
767 1963 876 1994 secuti
892 1963 932 1994 R.

142 2009 215 2041 122
