1399 2271
601 71 791 107 VIRGIL

108 161 274 208 agminis
294 158 444 207 aligeri,
464 159 593 196 subito
613 171 701 195 cum
721 158 850 208 lapsus
870 158 917 195 ad
940 159 1063 196 undas

107 226 273 262 cycnum
286 212 550 249 excellentem
563 212 729 261 pedibus
742 215 843 262 rapit
855 213 1054 261 improbus
1067 215 1186 249 uncis.
1206 217 1279 250 250

107 278 288 303 arrexere
308 268 458 302 animos
479 265 569 302 Itali
589 270 835 315 cunctaeque
856 266 1032 303 volucres

107 324 344 356 convertunt
362 319 530 356 clamore
550 318 684 367 fugam
705 318 901 368 (mirabile
922 318 1022 369 visu)

106 372 346 422 aetheraque
359 373 570 409 obscurant
582 375 713 421 pinnis
724 372 959 422 hostemque
972 385 1042 421 per
1053 385 1164 409 auras

106 425 209 462 facta
229 427 334 463 nube
354 431 552 475 premunt,
573 426 699 462 donec
720 428 756 462 vi
774 428 900 463 victus
921 431 962 463 et
982 429 1066 475 ipso

105 479 280 528 pondere
300 479 450 516 defecit
469 479 734 528 praedamque
754 492 801 516 ex
822 480 1018 528 unguibus
1037 479 1118 516 ales
1204 483 1278 516 255

106 536 271 582 proiecit
289 532 417 578 fluvio,
435 536 674 582 penitusque
694 535 735 568 in
754 532 888 569 nubila
909 533 1022 582 fugit.

157 586 258 622 Tum
279 599 370 623 vero
389 589 597 636 augurium
620 585 754 622 Rutuli
774 586 944 623 clamore
964 586 1138 623 salutant

105 640 402 690 expediuntque
421 653 573 685 manus,
591 642 817 689 primusque
836 640 1067 676 Tolumnius
1085 653 1210 688 augur

106 693 215 729 “hoc
236 698 333 737 erat,
354 693 439 738 hoc,
460 693 597 738 votis,'’
620 695 762 742 inquit,
781 693 923 742 “quod
943 706 1060 742 saepe
1081 696 1213 741 petivi.

103 749 263 795 accipio,
283 747 560 796 adgnoscoque
579 746 697 790 deos;
726 759 804 792 me,
823 759 886 783 me
906 745 1007 783 duce
1026 746 1172 783 feri-um
1203 745 1278 783 260

104 803 302 849 corripite,
322 814 345 836 o
364 802 509 846 miseri,
527 813 624 849 quos
643 801 842 849 improbus
861 799 1014 837 advena
1032 800 1137 837 bello

104 857 271 893 territat.
292 853 481 890 invalidas
500 858 545 890 ut
562 856 656 898 avis,
676 858 718 890 et
736 853 851 890 litora
870 858 998 890 vestra

104 909 140 942 vi
155 907 329 956 populat.
379 912 491 956 petet
506 906 573 943 ille
590 906 722 955 fugam
739 909 976 956 penitusque
993 905 1187 956 profundo

104 960 189 997 vela
207 960 327 997 dubit.
385 973 451 996 vos
470 962 645 996 unanimi
665 960 830 996 densate
850 965 1025 997 catervas

104 1019 145 1050 et
164 1026 300 1062 regem
321 1013 428 1050 vobis
448 1027 580 1062 pugna
600 1013 806 1050 defendite
827 1013 1021 1062 raptum.’'
1202 1012 1276 1051 265

157 1067 269 1103 Dixit
289 1071 330 1104 et
349 1066 531 1103 adversos
551 1067 675 1103 telum
696 1069 886 1103 contorsit
906 1069 945 1103 in
966 1067 1088 1103 hostis

103 1133 357 1169 procurrens;
386 1123 558 1157 sonitum
578 1119 648 1156 dat
666 1119 831 1156 stridula
850 1133 990 1156 cornus
1006 1125 1047 1156 et
1061 1133 1172 1156 auras

102 1179 209 1210 certa
223 1179 340 1210 secat.
372 1173 485 1210 simul
501 1173 586 1218 hoc,
601 1173 714 1209 simul
729 1176 870 1221 ingens
884 1173 1039 1219 clamor,
1053 1179 1094 1210 et
1106 1187 1243 1210 omnes

103 1228 248 1263 turbati
269 1229 385 1263 cunei
405 1226 673 1275 calefactaque
694 1226 810 1263 corda
829 1227 1014 1263 tumultu.

102 1280 213 1317 hasta
229 1280 374 1325 volans,
390 1286 435 1316 ut
450 1279 552 1316 forte
568 1293 708 1316 novem
725 1279 987 1329 pulcherrima
1003 1280 1167 1317 fratrum
1202 1283 1277 1319 270

102 1347 262 1382 corpora
282 1336 543 1370 constiterant
562 1338 710 1378 eontra,
731 1346 828 1382 quos
847 1333 922 1369 fida
943 1339 1094 1370 crearat

102 1400 178 1424 una
196 1392 258 1423 tot
278 1387 446 1423 Arcadio
466 1389 636 1423 coniunx
656 1386 860 1436 Tyrrhena
881 1386 1066 1436 Gylippo,

103 1440 239 1476 borum
260 1453 382 1476 unum
401 1440 450 1476 ad
471 1440 659 1484 medium,
680 1443 822 1476 teritur
841 1453 917 1489 qua
938 1440 1064 1477 sutilis
1084 1440 1172 1477 alvo

103 1493 255 1530 balteus
277 1499 318 1530 et
338 1493 505 1530 laterum
526 1496 726 1529 iuncturas
746 1493 863 1530 fibula
883 1493 1050 1538 mordet,

101 1550 305 1595 egregium
325 1546 449 1583 forma
468 1549 651 1584 iuvenem
672 1552 713 1583 et
734 1546 977 1595 fulgentibus
997 1549 1127 1593 armis,
1200 1550 1274 1586 275

102 1600 335 1649 transadigit
354 1605 480 1636 costas
500 1599 685 1649 fulvaque
707 1599 874 1637 effundit
893 1599 1049 1637 harena.

334 1685 377 1704 ²¹³¹
402 1685 530 1724 miseri]
547 1684 669 1716 Rutuli
686 1685 768 1724 7²lw.

334 1728 377 1747 ²⁰¹
400 1727 542 1759 densete
558 1729 598 1766 Ic,
617 1727 761 1759 Sere-im.

338 1771 381 1789 ²⁷³
405 1770 553 1802 mediam
569 1770 632 1803 211¹.
679 1770 777 1802 alveo
793 1771 853 1803 Pl:
875 1781 959 1802 auro
975 1770 1021 1804 M.

140 1893 151 1912 ²
174 1893 224 1924 To
240 1892 391 1924 indicate
409 1893 500 1924 their
515 1893 600 1925 wish
617 1896 654 1925 to
671 1893 768 1935 fight,
787 1892 970 1935 according
987 1897 1023 1925 to
1039 1892 1190 1931 Servius,
1204 1893 1273 1925 this

100 1936 200 1977 being
215 1947 234 1967 a
251 1935 417 1967 consensio
431 1936 602 1968 mililaris.
650 1936 843 1975 Conington
870 1937 1009 1968 renders
1028 1938 1051 1952 “
1065 1935 1165 1968 make
1183 1936 1272 1968 their

100 1978 208 2010 hands
225 1979 330 2021 ready
347 1981 384 2011 to
400 1979 522 2020 fight.”
568 1979 625 2018 (So
643 1980 714 2011 also
732 1980 899 2018 Benoist.)

100 2021 176 2059 316
