1399 2271
603 71 793 108 VIRGIL

106 170 236 206 pugna
250 155 334 192 loco
347 159 488 193 statuit
499 156 700 206 Teucros),
715 155 819 192 haud
833 156 957 194 multa
970 162 1200 203 morantem,

105 217 252 264 excipit
271 217 311 251 in
331 215 433 251 latus
454 220 507 261 et,
528 228 603 264 qua
625 215 705 251 fata
725 215 941 261 celerrima,
960 215 1124 252 crudum

106 274 338 323 transadigit
359 279 484 311 costas
505 279 546 311 et
566 277 682 311 cratis
700 276 871 324 pectoris
892 287 1038 311 ensem.
1201 287 1280 311 MPR

104 333 257 370 Turnus
270 346 371 382 equo
384 333 583 370 deiectum
597 333 793 383 Amycum
805 333 1047 383 fratremque
1062 333 1237 380 Diorem,

104 405 334 442 congressus
346 392 481 441 pedeS,
495 392 599 429 hunc
612 394 840 429 venientem
854 392 1015 442 cuspide
1028 392 1158 442 longa,
1206 398 1281 432 510

104 451 209 488 hunc
228 464 414 488 mucrone
434 450 526 488 ferit
546 464 739 501 curruque
759 452 908 488 abscisa
927 451 1092 489 duorum

104 510 310 560 suspendit
329 513 457 560 capita
478 516 520 548 et
539 513 709 548 rorantia
728 513 919 560 sanguine
939 516 1081 561 portat.

104 569 171 607 ille
189 569 313 607 Talon
333 570 576 621 Tanaimque
596 570 696 607 Neci
716 569 940 620 fortemque
961 570 1197 620 Cethegum,

105 631 175 666 tris
195 642 272 666 uno
292 643 516 678 congressu,
537 634 579 666 et
598 634 793 666 maestum
814 632 939 666 mittit
960 629 1124 676 Oniten,

105 701 249 725 nomen
271 688 504 725 Echionium
524 691 738 738 matrisque
758 701 884 738 genus
906 688 1107 734 Peridiae3
1206 693 1280 727 515

106 747 168 784 hic
189 747 327 784 fratres
348 747 468 797 Lycia
487 750 624 784 missos
645 752 687 784 et
708 747 904 796 Apollinis
923 750 1026 797 agris

105 811 147 844 et
165 809 349 844 iuvenem
369 820 529 844 exosum
548 809 788 856 nequiquam
807 806 911 844 bella
933 807 1166 853 Menoeten,

106 866 271 911 Arcada,
291 868 464 916 piscosae
485 868 547 902 cui
567 868 712 902 circum
734 865 891 902 flumina
913 865 1065 903 Lernae

104 938 165 962 ars
184 924 314 962 fuerat
333 938 561 974 pauperque
581 924 719 961 domus
742 937 814 961 nec
834 929 928 961 nota
948 929 1158 973 potentum

104 983 239 1020 limina
259 984 531 1033 conductaque
552 989 665 1032 pater
683 983 828 1020 tellure
847 983 1014 1020 serebat.
1206 987 1281 1020 520

103 1056 148 1079 ac
168 1042 277 1079 velut
296 1045 457 1079 immissi
477 1043 639 1079 diversis
660 1044 834 1092 partibus
855 1045 966 1091 ignes

103 1106 283 1138 arentem
302 1104 343 1138 in
363 1101 499 1138 silvam
520 1106 562 1139 et
581 1101 752 1150 virgulta
771 1103 951 1138 sonantia
973 1099 1091 1148 lauro,

104 1165 172 1197 aut
192 1161 257 1196 ubi
276 1160 443 1197 decursu
464 1160 599 1209 rapido
619 1160 670 1196 de
690 1160 890 1196 montibus
911 1159 1000 1196 altis

105 1219 202 1256 dant
213 1221 385 1256 sonitum
401 1221 573 1268 spumosi
585 1231 721 1255 amnes
733 1221 827 1255 etin
839 1231 1008 1267 aequora
1022 1223 1185 1255 currunt

104 1280 269 1327 quisque
289 1290 401 1314 suum
422 1276 632 1326 populatus
653 1279 751 1314 iter:
780 1289 860 1312 non
880 1278 1040 1325 segnius
1060 1277 1175 1312 ambo
1206 1280 1279 1313 525

106 1337 261 1374 Aeneas
275 1337 509 1386 Turnusque
525 1341 646 1373 ruunt
662 1349 732 1385 per
746 1335 894 1385 proelia
908 1348 916 1379 ;
937 1349 1054 1381 nunc,
1071 1349 1175 1373 nunc

106 1395 268 1432 fluctuat
286 1398 342 1432 ira
361 1398 479 1440 intus,
499 1400 737 1444 rumpuntur
755 1397 887 1431 nescia
907 1397 1008 1430 vinci

105 1459 277 1504 pectora,
297 1467 401 1491 nunc
422 1456 516 1491 totis
537 1456 576 1490 in
597 1453 757 1490 volnera
776 1454 920 1490 viribus
941 1456 1029 1490 itur.

158 1514 388 1550 Murranum
401 1513 479 1559 hic,
489 1518 622 1550 atavos
636 1518 677 1549 et
689 1525 849 1549 avorum
862 1515 1024 1562 antiqua
1037 1519 1246 1551 sonantem

107 1576 263 1610 nomina
278 1586 347 1622 per
362 1585 554 1622 regesque
570 1577 702 1609 actum
717 1585 843 1621 genus
859 1585 975 1608 omne
993 1572 1166 1618 Latinos,
1205 1576 1280 1609 530

107 1635 361 1681 praecipitem
380 1631 539 1680 scopulo
558 1636 678 1681 atque
698 1633 873 1680 ingentis
892 1631 1050 1668 turbine
1071 1634 1152 1668 saxi

107 1694 257 1728 excutit
272 1691 518 1740 effunditque
533 1690 614 1727 solo
630 1703 638 1727 :
659 1689 764 1726 hunc
779 1689 861 1726 lora
877 1695 918 1727 et
932 1692 1023 1739 iuga
1039 1690 1174 1728 subter

106 1750 333 1799 provolvere
354 1755 474 1794 rotae,
496 1750 633 1785 crebro
652 1762 770 1798 super
789 1747 936 1797 ungula
955 1748 1069 1798 pulsu

149 1847 192 1866 5⁰⁶⁵
218 1847 381 1877 morantis
407 1848 439 1877 V.
608 1845 649 1866 ⁵¹¹
672 1846 822 1877 abscissa
839 1847 913 1877 MR.

149 1889 192 1908 ⁵1⁵
217 1890 351 1920 nomine
367 1890 414 1926 M,
433 1889 548 1920 known
565 1893 595 1920 to
611 1889 766 1920 Servius:
789 1889 924 1920 nomine
940 1889 1112 1921 Chionium
1129 1891 1189 1929 127.

149 1932 192 1951 ⁵²⁰
216 1932 334 1963 limina
351 1933 388 1963 ,U
397 1943 406 1963 .·
432 1943 571 1963 munera
587 1937 668 1963 most
681 1933 776 1963 MSS.
792 1932 862 1962 and
877 1931 1021 1964 Servius.
1055 1932 1198 1965 sedebat
1208 1933 1273 1965 M1.

149 1975 193 1994 ⁵²²
216 1975 393 2007 ardentem
410 1975 473 2009 211¹.
607 1975 653 1995 ⁵⁸²
675 1975 824 2014 excutit]
839 1975 968 2016 excipit
985 1975 1031 2008 Μ.

107 2023 183 2056 334
