1399 2271
646 63 836 100 VIRGIL

159 151 401 187 Dardanides
421 156 558 188 contra
576 151 681 188 furit.
730 151 902 187 Anxuris
918 163 1011 187 ense
1027 152 1222 187 sinistram
1253 154 1325 186 545

155 215 196 246 et
215 215 343 246 totum
363 210 479 258 clipei
499 209 602 246 ferro
623 209 822 246 deiecerat
840 209 976 245 orbem

154 267 325 318 (dixerat
338 267 404 304 ille
419 267 567 318 aliquid
581 281 768 317 magnum
784 270 940 316 vimque
955 266 1090 304 adfore
1104 267 1223 304 verbo

155 326 387 372 crediderat,
408 326 594 376 caeloque
613 328 788 362 animum
807 325 971 362 fortasse
991 325 1146 362 ferebat

154 388 417 435 canitiemque
436 386 508 422 sibi
528 390 570 422 et
587 384 726 433 longos
745 387 977 434 promiserat
995 383 1159 435 annos):
1224 397 1328 421 MPRV

154 443 362 494 Tarquitus
382 444 582 481 exsultans
602 449 738 480 contra
758 443 1003 493 fulgentibus
1022 446 1150 489 armis,
1253 449 1328 481 550

153 503 349 540 silvicolae
371 503 505 540 Fauno
526 503 685 553 Dryope
705 516 823 553 quem
843 503 1018 552 nympha
1037 508 1200 549 crearat,

153 563 288 599 obvius
306 562 462 598 ardenti
481 575 567 599 sese
586 561 742 598 obtulit.
799 561 866 598 ille
885 561 1049 598 reducta

153 621 310 657 loricam
331 620 526 670 clipeique
547 623 686 669 ingens
706 633 803 657 onus
823 619 991 669 impedit
1010 619 1145 664 hasta;

154 686 238 717 tum
258 684 376 728 caput
395 681 541 715 orantis
561 681 799 728 nequiquam
820 684 862 716 et
881 678 1006 715 multa
1023 680 1197 728 parantis

153 739 285 775 dicere
304 738 492 774 deturbat
511 743 638 774 terrae
658 743 921 787 truncumque
942 743 1148 787 tepentem
1254 742 1327 775 555

153 796 385 844 provolvens
404 809 522 845 super
541 796 638 832 haec
657 798 815 832 inimico
834 801 996 844 pectore
1016 795 1144 832 fatur:

153 859 178 875 “
189 858 276 892 istic
289 868 407 901 nunc,
419 854 649 900 metuende,
662 857 756 891 iace.
791 867 871 891 non
885 860 925 891 te
938 857 1086 903 optima
1098 859 1225 891 mater

153 914 299 951 condet
311 914 419 950 humi
432 916 636 962 patrioque
650 914 829 949 onerabit
841 913 1017 949 membra
1029 913 1260 962 sepulchro:

153 973 310 1009 alitibus
330 973 510 1022 linquere
530 972 623 1009 feris
642 977 711 1008 aut
731 974 888 1021 gurgite
908 985 1079 1008 mersum

154 1032 257 1067 unda
278 1031 380 1068 feret
400 1034 605 1080 piscesque
624 1033 781 1080 impasti
801 1030 961 1067 volnera
980 1030 1195 1068 lambent.”
1254 1030 1329 1068 560

153 1093 331 1139 protinus
345 1090 545 1126 Antaeum
558 1095 600 1126 et
614 1089 773 1135 Lucam,
787 1092 911 1138 prima
923 1092 1080 1139 agmina
1092 1089 1227 1135 Turni,

153 1152 402 1199 persequitur
414 1149 637 1198 fortemque
651 1148 820 1184 Numam
834 1147 1063 1199 fulvumque
1077 1149 1312 1196 Camertem,

154 1211 403 1257 magnanimo
423 1208 617 1245 Volcente
637 1213 780 1253 satum,
798 1207 1013 1245 ditissimus
1032 1210 1114 1257 agri

153 1270 219 1317 qui
240 1266 315 1303 fuit
335 1266 581 1303 Ausonidum
602 1271 644 1303 et
662 1269 792 1303 tacitis
812 1269 994 1315 regnavit
1013 1266 1198 1316 Amyclis.

153 1326 342 1374 Aegaeon
362 1325 498 1374 qualis,
519 1330 680 1361 centum
701 1328 763 1361 cui
783 1324 964 1361 bracchia
983 1325 1122 1361 dicunt
1253 1324 1328 1363 565

153 1389 421 1433 centenasque
440 1397 590 1429 manus,
611 1387 898 1433 quinquaginta
917 1385 1046 1421 oribus
1066 1387 1199 1433 ignem

153 1443 455 1492 pectoribusque
474 1444 624 1488 arsisse,
647 1442 748 1479 Iovis
768 1456 857 1478 cum
877 1442 1042 1478 fulmina
1061 1449 1198 1479 contra

155 1507 214 1539 tot
232 1501 388 1551 paribus
408 1506 605 1550 streperet
625 1501 774 1550 clipeis,
788 1506 850 1538 tot
865 1504 1080 1550 stringeret
1096 1505 1222 1539 ensis:

153 1563 206 1596 sic
226 1565 311 1597 toto
331 1561 486 1596 Aeneas
507 1559 684 1597 desaevit
703 1562 743 1596 in
763 1573 931 1610 aequore
951 1563 1085 1606 victor,

153 1624 198 1655 ut
216 1618 338 1656 semel
358 1621 531 1668 intepuit
550 1631 694 1655 mucro.
752 1621 847 1669 quin
868 1632 959 1656 ecce
980 1619 1150 1668 Niphaei
1254 1622 1328 1659 570

152 1677 392 1727 quadriiugis
413 1680 452 1713 in
473 1690 593 1726 equos
612 1677 853 1727 adversaque
873 1683 1033 1726 pectora
1052 1678 1194 1715 tendit.

152 1741 271 1786 atque
291 1736 347 1772 illi
367 1736 485 1785 longe
505 1736 754 1785 gradientem
774 1741 816 1773 et
836 1736 920 1773 dira
939 1736 1177 1774 frementem

153 1800 196 1831 ut
216 1794 362 1840 videre,
383 1800 492 1831 metu
512 1797 613 1831 versi
633 1800 816 1844 retroque
837 1800 997 1832 ruentes

152 1852 439 1903 effunduntque
458 1853 600 1890 ducem
620 1856 857 1903 rapiuntque
876 1853 925 1890 ad
945 1853 1059 1890 litora
1079 1867 1223 1893 currus.

430 1922 474 1941 ⁵⁵⁸
497 1922 600 1953 humo
617 1923 677 1954 M&
726 1923 881 1964 patriove.
901 1923 988 1961 PR-y.

428 1965 473 1985 ⁶⁷²
496 1967 545 2005 et]
561 1976 599 1997 ac
619 1966 680 1999 311.
786 1965 831 1985 ⁶⁷4
854 1976 990 1997 currum
1007 1966 1046 1998 R.

154 2014 228 2047 208
