1399 2271
618 85 808 123 VIRGIL

127 175 362 223 quicumque
384 172 522 210 Iliacos
542 172 645 210 ferro
665 173 892 210 violavimus
913 186 1024 222 aga-os
1224 178 1297 212 255

126 231 260 283 (mitto
275 245 333 278 ea,
349 245 449 282 quae
464 235 583 269 muris
599 232 783 269 bellando
799 232 986 269 exhausta
1007 232 1078 269 sub
1093 232 1194 278 altis,

127 305 221 341 quos
242 292 381 329 Simois
401 296 555 341 premat
573 291 640 328 ille
656 290 785 342 viros),
801 291 962 327 infanda
975 304 1046 340 per
1060 292 1195 328 orbem

126 350 315 400 supplicia
335 355 376 387 et
394 350 586 387 scelerum
605 363 750 399 poenas
771 350 1029 399 expendimus
1048 363 1196 396 omnes,

127 409 188 446 vel
206 409 356 446 Priamo
368 409 589 446 miseranda
600 422 738 446 manus
753 423 760 446 :
782 412 855 446 scit
875 412 987 446 triste
1001 409 1203 446 Minervae

126 468 232 506 sidus
252 474 294 506 et
313 468 509 505 Euboicae
530 473 663 505 cautes
683 468 865 518 ultorque
888 468 1123 517 Caphereus.
1225 467 1299 506 260

126 528 266 565 militia
285 541 332 565 ex
353 528 419 564 illa
438 527 635 564 diversum
654 527 703 564 ad
723 527 816 564 litus
837 528 965 564 abacti

127 587 286 624 Atrides
308 587 439 623 Protei
460 586 666 623 Menelaus
686 586 861 636 adusque
882 586 1081 622 columnas

126 645 291 690 exsulat,
311 646 511 682 Aetnaeos
532 645 629 681 vidit
649 644 838 694 Cyclopas
860 645 1006 681 Ulixes.

126 718 248 754 regna
268 704 522 754 Neoptolemi
541 704 709 741 referam
728 717 938 753 versosque
957 706 1112 753 penatis

128 763 360 800 Idomenei?
417 762 616 812 Libycone
636 762 852 800 habitantis
871 762 986 799 litore
1007 762 1177 799 Locros?
1225 761 1298 799 265

126 826 210 872 ipse
232 822 470 872 Mycenaeus
490 835 722 871 magnorum
742 821 882 858 ductor
902 821 1095 857 Achivum

126 884 302 930 coniugis
322 880 506 917 infandae
527 883 650 930 prima
669 883 771 916 intra
791 880 925 916 limina
945 880 1084 916 dextra

126 942 307 990 oppetiit,
327 939 523 976 devictam
544 939 679 975 Asiam
699 939 876 976 subsedit
895 938 1062 975 adulter.

126 1000 310 1036 invidisse
326 999 433 1044 deos,
453 1001 587 1048 patriis
607 1004 652 1035 ut
671 997 848 1035 redditus
868 1001 942 1035 aris

127 1060 352 1107 coniugium
364 1062 544 1107 optatum
557 1062 598 1094 et
610 1057 814 1106 pulchram
828 1057 1026 1107 Calydona
1039 1057 1211 1094 viderem
1227 1058 1241 1094 ?

126 1131 231 1155 nunc
252 1119 371 1154 etiam
390 1115 566 1152 horribili
585 1119 668 1152 visu
687 1121 873 1165 portenta
891 1121 1122 1166 sequuntur,
1226 1119 1294 1156 271

127 1183 169 1214 et
188 1180 278 1214 socii
298 1178 429 1213 amissi
449 1178 653 1225 petierunt
671 1175 833 1212 aethera
853 1177 984 1224 pinnis

127 1235 428 1284 fluminibusque
449 1240 641 1283 vagantur
659 1247 749 1271 aves
768 1233 864 1285 (heu
884 1234 967 1270 dira
986 1246 1162 1270 meorum

127 1295 316 1344 supplicia
330 1294 355 1344 l)
377 1299 419 1331 et
438 1294 615 1343 scopulos
634 1293 846 1330 lacrimosis
866 1294 1024 1330 vocibus
1043 1294 1220 1342 implent.

127 1354 223 1390 haec
243 1353 342 1390 adeo
362 1365 410 1390 ex
430 1352 496 1388 illo
517 1352 613 1388 mihi
633 1355 709 1388 iam
729 1352 920 1401 spei-anda
941 1352 1102 1388 fuerunt
1227 1355 1299 1392 275

127 1418 317 1462 tempore,
339 1425 427 1448 cum
448 1411 550 1448 ferro
571 1411 755 1448 caelestia
774 1424 934 1460 corpora
954 1410 1118 1448 demens

126 1472 275 1521 adpetii
295 1476 337 1508 et
358 1471 522 1507 Veneris
542 1470 680 1507 violavi
701 1470 860 1507 volnere
880 1470 1071 1507 dextram.

126 1544 176 1568 ne
197 1543 301 1575 vero,
321 1543 371 1566 ne
391 1542 454 1566 me
475 1528 523 1566 ad
544 1529 633 1566 talis
652 1528 846 1577 impellite
865 1541 1027 1578 pugnas.

170 1608 212 1628 ²⁶¹
236 1608 351 1638 adacti
368 1608 431 1638 ΜΞ.

169 1651 222 1672 2⁶⁴>
239 1651 282 1670 ²⁶5
302 1650 423 1690 placed
438 1651 526 1682 after
540 1649 602 1681 268
620 1649 660 1690 by
677 1648 827 1688 Ribbeck,
847 1649 990 1688 Benoz'st,
1009 1650 1080 1682 and
1095 1650 1211 1683 others.

168 1694 211 1713 ²⁶⁷
235 1694 325 1724 inter
341 1693 417 1732 1³7¹,
436 1692 641 1724 Macrobius.

169 1736 212 1756 ²⁶⁸
235 1735 373 1767 devicta
403 1736 487 1766 Asia
523 1735 624 1775 7²b²c,
663 1734 839 1775 preferred
876 1735 917 1775 by
953 1735 1097 1768 Servius.
1147 1736 1299 1778 possedit

125 1779 257 1819 M²R7²‚
284 1778 488 1810 Macrobius.

168 1822 212 1842 ²7²
234 1822 368 1853 amissis
384 1822 444 1854 Pl:
467 1821 626 1852 admissis
643 1820 756 1852 known
773 1826 804 1852 to
820 1821 963 1853 Servius.

167 1865 211 1885 ²⁷⁵
233 1864 333 1904 adeo]
349 1863 467 1896 eadem
484 1864 559 1905 P71.

166 1954 177 1973 ¹
201 1956 249 1986 As
266 1954 325 1986 the
340 1954 471 1986 Greeks
489 1964 576 1985 were
592 1955 773 1995 returning
789 1954 876 1985 from
893 1954 995 1994 Troy,
1013 1953 1126 1986 Pallas
1141 1955 1298 1986 Minerva

124 2002 201 2029 sent
217 2009 235 2028 a
252 2001 358 2029 storm
374 2007 465 2039 upon
482 1997 588 2036 thom,
601 1996 669 2028 and
686 1996 868 2038 Nauplius,
885 1997 968 2039 king
984 1998 1019 2029 of
1037 1998 1186 2036 Euboea,
1203 1998 1298 2040 hung

127 2049 202 2082 2252
