1399 2271
605 79 793 118 VIRGIL

114 168 218 202 ocius
238 166 410 203 adducto
428 171 616 217 torquens
635 166 777 204 hastile
796 166 957 212 lacerto,

114 227 329 274 suspiciens
347 225 467 262 altam
489 225 640 262 Lunam
659 228 714 263 sic
732 238 827 263 voce
848 231 1053 276 precatur:

114 289 206 330 “tu,
227 284 313 330 dea,
333 289 375 321 tu
398 298 582 334 praesens
601 290 734 322 nostro
754 298 934 322 succurre
953 285 1088 331 labori,

113 349 304 380 astrorum
324 343 443 380 decus
464 349 505 380 et
524 357 728 380 nemorum
750 343 915 380 Latonia
934 350 1074 381 custos.
1209 349 1283 382 405

115 406 144 440 si
160 416 236 453 qua
250 405 328 440 tuis
347 416 531 452 umquam
553 416 622 452 pro
641 416 705 440 me
724 408 837 452 pater
859 403 1056 453 Hyrtacus
1077 406 1149 440 aris
1206 416 1283 440 MPR

115 462 216 498 dona
235 462 340 507 tulit,
361 464 391 498 si
411 475 487 511 qua
507 464 589 511 ipsc
609 464 706 498 meis
726 462 932 498 venatibus
952 464 1041 498 auxi

115 520 350 570 suspendive
371 521 481 557 tholo
500 526 569 557 aut
588 533 693 557 sacra
712 520 761 557 ad
782 520 937 569 fastigia
957 520 1033 566 fixi,

116 580 219 616 hunc
232 582 315 617 sine
327 593 390 616 me
404 580 562 616 turbare
575 579 735 628 globum
750 585 790 616 et
803 592 896 628 rege
909 579 988 616 tela
1003 592 1071 628 per
1083 579 1234 616 auras.'’

114 639 268 676 dixerat
288 644 330 677 et
349 644 434 675 toto
454 641 614 675 conixus
635 651 795 688 corpore
817 639 962 675 ferrum
1211 643 1286 676 410

116 700 268 734 conicit.
327 697 438 734 hasta
458 697 590 733 volans
611 700 736 734 noctis
757 696 982 734 diverberat
1001 697 1156 734 umbras

116 762 156 794 et
176 758 286 793 venit
304 759 428 792 aversi
447 758 487 791 in
507 761 664 804 tergum
685 755 880 792 Sulmonis
901 757 1033 805 ibique

115 816 321 864 frangitur,
340 827 384 850 ac
405 814 492 850 fisso
510 816 653 851 transit
672 814 898 862 praecordia
918 813 1035 862 liguo.

116 874 283 911 volvitur
302 873 368 910 ille
387 886 549 910 vomens
569 873 739 909 calidum
759 872 810 909 de
831 878 990 922 pectore
1010 873 1155 910 flumen

116 932 279 982 frigidus
299 937 340 968 et
361 931 489 980 longis
508 931 746 981 singultibus
766 931 830 967 ilia
851 931 990 980 pulsat.
1213 936 1286 969 415

115 992 256 1028 diversi
277 993 607 1039 circumspiciunt.
666 990 739 1026 hoc
759 993 882 1026 acrior
902 990 1007 1027 idem

116 1063 207 1086 ecce
227 1049 333 1085 aliud
354 1063 503 1086 summa
522 1049 648 1086 telum
668 1049 836 1086 librabat
855 1050 904 1085 ab
923 1062 1027 1087 aure.

115 1109 209 1146 dum
223 1109 436 1158 trepidant,
450 1111 482 1145 it
496 1108 608 1145 hasta
621 1109 730 1158 Tago
742 1122 813 1158 per
825 1114 982 1158 tempus
995 1114 1219 1160 utrumque,

116 1168 300 1213 stridens,
320 1170 565 1217 traiectoque
585 1167 714 1204 haesit
734 1167 934 1217 tepefacta
954 1169 1123 1205 cerebro.

116 1229 240 1263 saevit
259 1232 370 1263 atrox
392 1226 560 1263 Volcens
580 1239 654 1263 nec
675 1226 745 1263 teli
766 1229 957 1275 conspicit
977 1239 1138 1277 usquam
1213 1231 1288 1264 420

115 1291 315 1322 auctorem
335 1298 409 1322 nec
429 1298 505 1334 quo
525 1298 566 1322 se
586 1284 728 1322 ardens
748 1287 964 1322 immittere
984 1288 1116 1334 possit.

117 1349 140 1366 “
153 1350 196 1382 tu
217 1350 350 1381 tamen
370 1347 523 1381 interea
543 1344 669 1380 calido
687 1343 782 1380 mihi
803 1347 995 1393 sanguine
1015 1357 1160 1394 poenas

117 1403 313 1452 persolves
332 1404 535 1439 amborum
549 1402 570 1414 ’'
593 1405 744 1453 inquit;
773 1402 888 1439 simul
909 1415 1003 1440 ense
1023 1403 1174 1440 recluso

117 1463 198 1498 ibat
216 1464 256 1498 in
278 1462 502 1511 Euryalum.
560 1466 645 1498 tum
666 1474 757 1498 vero
778 1463 1002 1507 exterritus,
1022 1475 1169 1508 amens,

116 1520 334 1557 conclamat
354 1520 483 1564 Nisus,
504 1533 577 1556 nec
597 1532 638 1556 se
659 1519 786 1557 celare
806 1519 982 1556 tenebris
1211 1523 1286 1556 425

115 1579 280 1628 amplius
299 1584 368 1615 aut
386 1584 542 1615 tantum
562 1581 693 1628 potuit
713 1577 887 1628 perferre
908 1577 1107 1615 dolorem:

117 1642 223 1683 “nie,
235 1651 310 1683 me,
325 1637 475 1684 adsum,
489 1640 553 1688 qui
568 1637 656 1682 feci,
669 1639 708 1674 in
721 1650 785 1674 me
799 1639 1017 1674 convertite
1032 1637 1190 1683 ferrum,

116 1709 137 1732 o
159 1697 314 1733 Rutuli!
345 1710 432 1734 mea
452 1697 555 1733 fraus
575 1698 723 1740 omnis;
752 1696 850 1732 nihil
870 1698 945 1733 iste
965 1709 1039 1733 nec
1058 1710 1173 1734 ausus

115 1768 188 1792 nec
207 1758 360 1804 potuit;
389 1756 540 1792 caelum
560 1755 634 1792 hoc
654 1761 696 1792 et
715 1758 869 1792 conscia
889 1755 1016 1792 sidera
1036 1761 1184 1800 testor;

156 1860 199 1879 ⁴⁰³
222 1860 328 1891 altam
353 1860 468 1891 lunam
492 1863 528 1891 et
550 1861 658 1900 MPy:
681 1860 788 1891 altam
812 1859 855 1891 ad
880 1860 996 1891 lunam
1019 1864 1055 1891 et
1078 1860 1158 1891 RV:
1181 1859 1287 1892 altam

113 1903 227 1934 lunam
245 1902 392 1941 (wilhouc
411 1905 457 1940 et)
477 1903 569 1943 early
586 1904 718 1934 editore.
813 1903 856 1923 ‘¹²
879 1903 1014 1934 adversi
1032 1903 1160 1943 MPR7.

156 1946 199 1965 ⁴¹⁸
223 1947 333 1977 acrius
351 1946 492 1984 ,11²l'271.
587 1946 630 1965 ⁴1⁷
655 1946 761 1977 telum
779 1956 911 1977 summa
927 1946 986 1986 127.

156 1989 199 2008 ⁴²⁸
222 1990 264 2020 iit.
280 1989 337 2030 1³7.
595 1989 638 2009 ⁴²⁰
662 1999 822 2030 umquam
839 1989 902 2020 M1.

119 2038 184 2070 140
