1399 2271
667 89 856 125 VlRGlL

174 189 281 213 more
297 176 409 212 daret
424 175 590 224 populis,
606 179 884 223 sceptrumque
901 184 1088 222 sacerque
1103 173 1220 208 tiaras

179 234 421 283 Iliadumque
440 234 549 270 labor
568 232 734 269 vestes.’'
1219 241 1344 266 FMPRV

225 293 384 329 Talibus
405 293 542 329 Ilionei
562 291 677 328 dictis
697 291 824 328 defixa
844 290 1008 327 Latinus

174 352 313 388 obtutu
336 357 449 388 tenet
468 364 533 387 ora
553 351 713 399 soloque
733 350 942 386 immobilis
961 349 1113 393 haeret,
1269 351 1344 384 250

174 413 348 447 intentos
368 410 527 447 volvens
547 409 688 446 oculos.
746 422 820 446 nec
843 421 1014 458 purpura
1035 420 1169 456 regem

174 471 278 517 picta
296 474 428 505 movet
447 482 520 505 nec
540 473 695 517 sceptra
713 472 876 504 movent
898 467 1086 504 Priameia
1105 471 1273 509 tantum,

173 533 363 577 quantum
384 530 424 563 in
444 527 611 563 conubio
630 531 745 563 natae
766 526 1018 575 thalamoque
1036 530 1221 571 moratur,

173 591 215 623 et
234 589 377 623 veteris
399 586 520 622 Fauni
540 585 661 622 volvit
679 585 751 622 sub
772 590 932 634 pectore
951 589 1120 621 sortem:

174 645 278 681 hunc
297 645 407 681 illum
428 645 517 682 fatis
538 650 701 682 externa
719 645 768 681 ab
781 637 882 681 'sede
903 643 1124 693 profectum
1269 647 1342 679 255

173 704 355 752 portendi
375 716 565 752 generum
586 703 821 752 paribusque
840 705 880 738 in
900 715 1022 751 regna
1042 703 1167 738 vocari

172 765 365 811 auspiciis,
384 762 474 798 huic
494 764 723 811 progeniem
742 764 888 798 virtute
909 761 1081 797 futuram
1117 754 1119 759 ¹

174 824 372 870 egregiam
393 826 434 858 et
452 826 581 857 totum
600 834 700 870 quae
721 821 865 857 viribus
884 825 1052 869 occupet
1070 820 1214 857 orbem.

174 879 333 916 tandem
354 879 480 916 laetus
499 882 554 915 ait
570 892 577 915 ε
605 879 681 915 “di
702 884 835 915 nostra
853 881 1012 927 incepta
1030 878 1253 915 secundent

173 940 456 987 auguriumque
470 939 599 974 suum!
620 937 788 983 dabitur,
802 937 981 981 Troiane,
995 937 1099 987 quod
1111 942 1241 986 optas3
1268 936 1342 974 260

173 1010 336 1033 munera
354 1010 427 1033 nec
446 1009 598 1045 sperno.
655 1009 734 1032 non
754 997 874 1041 vobis,
894 1009 987 1044 rege
1009 995 1164 1042 Latino,

173 1055 303 1092 divitis
323 1055 420 1092 uber
438 1058 521 1104 agri
541 1055 728 1092 Troiaeve
748 1054 950 1104 opulentia
969 1055 1108 1091 deerit.

173 1118 256 1164 ipse
276 1114 391 1151 modo
412 1115 579 1160 Aeneas,
599 1117 721 1151 nostri
742 1116 772 1151 si
792 1119 904 1150 tanta
923 1114 1066 1163 cupido
1086 1119 1158 1160 est,

174 1176 203 1210 si
223 1175 332 1222 iungi
351 1173 520 1221 hospitio
540 1177 724 1222 properat
742 1175 946 1222 sociusque
967 1175 1108 1219 vocari,

173 1232 368 1277 adveniat,
389 1231 517 1267 voltus
536 1244 635 1268 neve
656 1231 906 1268 exhorrescat
926 1233 1092 1268 amicos:
1268 1230 1341 1268 265

174 1304 260 1339 pars
279 1290 374 1326 mihi
395 1293 499 1339 pacis
519 1292 593 1326 erit
613 1289 793 1326 dextram
812 1292 992 1339 tetigisse
1013 1293 1181 1339 tyranni.

174 1363 239 1386 vos
259 1354 394 1386 contra
413 1351 497 1398 regi
516 1362 604 1385 mea
623 1362 728 1385 nunc
747 1348 933 1386 mandata
953 1349 1110 1386 referte.

174 1413 234 1445 est
251 1407 346 1444 mihi
366 1413 471 1453 nata,
491 1410 570 1444 viro
590 1411 721 1457 gentis
740 1421 857 1457 quam
876 1410 1040 1457 iungere
1060 1414 1216 1446 nostrae

174 1480 251 1504 non
272 1469 397 1515 patrio
417 1479 464 1502 ex
484 1466 603 1516 adyto
622 1471 758 1511 sortes,
779 1479 858 1502 non
877 1466 1044 1515 plurima
1063 1467 1171 1504 caelo

173 1531 345 1563 monstra
360 1528 496 1562 sinunt
509 1538 518 1569 ;
541 1538 708 1574 generos
724 1528 897 1562 externis
911 1525 1046 1562 adfore
1061 1526 1110 1562 ab
1126 1529 1214 1573 oris,
1270 1529 1345 1565 270

173 1584 246 1621 hoc
268 1585 381 1621 Latio
400 1589 547 1621 restare
568 1589 727 1630 canunt,
748 1586 814 1634 qui
835 1586 1025 1633 sanguine
1046 1590 1222 1622 nostrum

172 1657 316 1681 nomen
337 1646 376 1679 in
396 1648 499 1680 astra
518 1643 657 1679 ferant.
716 1642 821 1679 hunc
840 1643 951 1679 illum
971 1656 1131 1692 poscere
1151 1643 1232 1681 fata

173 1708 215 1740 et
232 1715 320 1739 reor
339 1707 393 1748 et,
412 1705 443 1739 si
464 1702 557 1752 quid
579 1704 658 1738 veri
678 1714 790 1738 mens
810 1706 989 1751 augurat,
1010 1702 1141 1751 opt0.''

227 1762 338 1798 Haec
359 1761 497 1798 effatus
517 1773 638 1810 equos
658 1773 821 1797 numero
842 1766 954 1809 pater
969 1760 1084 1810 eligit
1097 1764 1204 1798 omni
1242 1774 1342 1799 FMPR

171 1819 346 1872 (stabant
366 1824 427 1856 ter
447 1824 606 1856 centum
627 1819 743 1856 nitidi
764 1821 804 1855 iu
825 1820 1077 1869 praesepibus
1096 1819 1227 1872 altis);
1269 1823 1342 1860 275

339 1944 383 1964 2⁵⁴
407 1944 547 1975 volvens
565 1944 618 1975 F1,
837 1943 881 1963 ²⁵²
904 1943 1092 1985 Troiaeque
1109 1944 1180 1984 I'27.

341 1987 385 2006 ²⁰⁴
408 1987 562 2019 sociusve
580 1986 636 2017 FB
646 1986 681 2019 V.

173 2036 219 2068 20
