1399 2271
667 90 857 129 VIRGIL

177 181 323 230 spicula
344 184 605 229 contorquent
625 190 818 227 cursuque
838 179 998 226 ictuque
1017 175 1228 221 lacessunt,
1274 172 1344 212 165

177 259 264 282 cum
284 249 514 295 praevectus
534 257 636 293 equo
654 243 835 292 longaevi
854 244 957 290 regis
976 240 1025 278 ad
1046 243 1147 278 auris

178 312 338 346 nuntius
357 311 531 359 ingentis
551 310 688 357 ignota
707 310 748 344 in
767 311 878 344 veste
898 311 1074 356 reportat

177 374 379 411 advenisse
398 375 509 410 viros.
566 372 632 409 ille
652 374 756 409 intra
775 376 883 409 tecta
901 373 1029 408 vocari

178 441 344 487 imperat
363 442 405 475 et
423 437 519 475 solio
537 437 690 474 medius
709 436 890 474 consedit
907 438 1022 472 avito.

228 502 395 541 Tectum
434 507 660 552 augustum,
699 504 854 551 ingens,
894 505 1054 538 centum
1096 500 1262 539 sublime

281 568 484 614 columnis,
1276 567 1348 606 170

179 632 272 669 urbe
293 632 368 669 fuit
387 645 551 678 summa,
572 631 780 669 Laurentis
799 633 906 681 regia
928 631 1021 677 Pici,

178 697 416 734 horrendum
436 697 541 734 silvis
561 702 603 735 et
621 697 812 746 religione
832 700 1052 746 parentum.

177 761 239 798 hic
258 766 412 811 sceptra
430 764 608 811 accipere
627 766 670 798 et
689 763 834 810 primos
852 750 1182 798 attollere'fasces

177 825 334 873 regibus
354 836 470 860 omen
491 829 589 870 erat,
608 823 682 860 hoc
702 823 778 859 illis
798 825 903 859 curia
922 822 1130 872 templum,

177 888 251 925 hae
270 890 386 925 sacris
406 888 519 925 sedes
540 887 678 937 epulis,
698 887 762 924 hic
781 890 905 924 ariete
925 900 1038 924 caeso
1280 889 1350 926 175

177 955 378 1003 perpetuis
398 952 502 989 soliti
523 957 655 1001 patres
675 951 879 989 considere
898 953 1056 989 mensis.

177 1020 270 1066 quin
290 1020 409 1054 etiam
431 1022 610 1054 veterum
631 1017 779 1066 effigies
799 1030 847 1054 ex
867 1016 1005 1053 ordine
1025 1030 1185 1054 avorum

177 1084 338 1131 antiqua
358 1095 379 1119 e
395 1081 527 1127 cedro,
548 1081 749 1131 Italusque
768 1086 961 1130 paterque
981 1080 1148 1118 Sabinus

177 1148 366 1192 vitisator,
386 1159 543 1182 curvam
563 1159 719 1183 servans
740 1146 812 1182 sub
831 1148 1003 1195 imagine
1023 1145 1178 1192 falcem,

178 1211 446 1260 Saturnusque
466 1223 587 1247 senex
609 1210 773 1260 Ianique
793 1209 976 1247 bifrontis
997 1213 1139 1260 imago,
1252 1223 1354 1248 FMPR

178 1275 371 1311 vestibulo
391 1275 601 1311 adstabant
620 1275 765 1324 aliique
784 1275 834 1311 ab
853 1277 1005 1324 origine
1025 1288 1140 1324 reges
1283 1279 1348 1312 181

179 1339 400 1388 Martiaque
420 1338 469 1374 ob
490 1340 656 1387 patriam
676 1337 892 1387 pugnando
912 1337 1071 1375 volnera
1092 1340 1204 1388 passi.

178 1402 379 1452 multaque
398 1408 604 1452 praeterea
624 1404 740 1439 sacris
761 1404 802 1439 in
823 1403 1000 1452 postibus
1020 1415 1139 1449 arma,

178 1469 320 1516 captivi
341 1466 521 1516 pendent
541 1479 673 1504 currus
695 1479 914 1516 curvaeque
934 1479 1091 1504 secures

178 1536 219 1568 et
238 1533 378 1568 cristae
399 1534 572 1580 capitum
593 1536 634 1568 et
653 1536 855 1581 portarum
875 1533 1054 1580 ingentia
1075 1532 1242 1570 claustra
1284 1536 1354 1569 185

177 1596 402 1646 spiculaque
422 1596 619 1645 clipeique
641 1601 859 1646 ereptaque
880 1601 1006 1633 rostra
1025 1599 1176 1634 carinis.

177 1663 259 1710 ipse
280 1660 473 1705 Quirinali
493 1660 592 1697 lituo
613 1673 809 1711 parvaque
829 1660 996 1698 sedebat

177 1727 397 1761 succinctus
417 1724 554 1761 trabea
573 1724 763 1775 laevaque
784 1725 913 1762 ancile
932 1725 1099 1774 gerebat

178 1788 303 1834 Picus,
319 1801 464 1838 equum
480 1789 669 1834 domitor3
693 1802 811 1839 quem
827 1794 943 1839 capta
959 1790 1144 1839 cupidine
1160 1792 1329 1828 coniunx

175 1866 291 1890 aurea
311 1865 537 1902 percussum
557 1856 666 1903 virga
687 1866 921 1904 versumque
942 1857 1106 1892 venenis
1282 1857 1354 1894 190

175 1917 270 1955 fecit
289 1930 401 1955 avem
422 1917 532 1955 Circe
552 1920 772 1968 sparsitque
792 1918 986 1956 coloribus
1006 1918 1097 1957 alas.

179 2043 224 2075 14
571 1995 615 2016 ¹³²
638 1995 768 2027 Martia
783 1996 843 2038 qui
858 1996 951 2029 PM.
