1399 2271
659 66 850 104 VIRGIL

221 155 324 191 Ecce
360 159 494 191 autem
531 154 704 191 subitum
740 159 861 203 atque
899 153 1019 189 oculis
1060 151 1238 188 mirabile

273 221 505 260 monstrum,

171 277 335 315 candida
354 290 424 327 per
443 277 579 313 silvam
598 289 687 313 cum
708 275 793 313 fetu
813 275 995 313 concolor
1013 275 1103 312 albo

171 340 376 389 procubuit
394 339 585 388 viridique
604 340 645 374 in
664 338 779 375 litore
799 340 1037 387 conspicitur
1056 350 1130 374 sus.

170 414 284 451 quam
304 403 390 450 pius
409 401 566 437 Aeneas
586 399 659 437 tibi
679 401 799 445 enim,
817 400 904 444 tibi,
923 401 1092 435 maxima
1113 398 1225 444 Iuno,

171 467 315 499 mactat
333 475 440 499 sacra
459 461 590 498 ferens
610 466 651 498 et
671 474 759 497 cum
780 473 902 510 grege
922 463 1026 497 sistit
1044 460 1093 496 ad
1113 473 1230 496 aram,
1296 463 1342 495 85

169 523 335 574 Thybris
349 537 394 560 ea
405 523 576 568 fluvium,
590 535 706 572 quam
719 522 837 571 longa
850 527 922 567 est,
936 526 1053 558 nocte
1066 526 1290 558 tumentem

166 585 281 622 leniit
300 590 342 622 et
361 587 481 621 tacita
501 584 670 620 refluens
690 586 745 620 ita
764 584 943 620 substitit
961 583 1080 628 unda,

166 649 272 683 mitis
286 651 331 683 ut
350 649 390 682 in
409 659 559 683 morem
579 648 708 694 stagni
728 645 985 694 placidaeque
1005 644 1158 694 paludis

167 713 365 745 sterneret
376 721 522 757 aequor
534 710 656 757 aquis,
669 720 776 744 remo
789 712 834 744 ut
845 707 1046 744 luctamen
1059 707 1226 756 abesset.

165 782 258 818 ergo
278 771 353 806 iter
373 771 576 818 inceptum
596 768 772 805 celerant
791 781 946 805 rumore
966 768 1150 805 secundo.
1293 771 1343 810 90

165 831 308 867 labitur
327 836 446 867 uncta
464 830 572 866 vadis
591 830 722 874 abies;
751 832 943 866 mirantur
963 835 1005 866 et
1023 829 1166 876 undae,

164 894 326 928 miratur
345 904 483 928 nemus
503 894 703 928 insuetum
723 890 919 940 fulgentia
938 891 1057 940 longe

164 959 274 990 scuta
293 956 417 989 virum
437 953 552 990 fluvio
571 955 775 1002 pictasque
795 955 931 990 innare
952 955 1111 990 carinas.
1215 966 1341 990 FMPRV

163 1015 230 1051 olli
250 1017 413 1064 remigio
434 1020 671 1064 noctemque
691 1014 876 1064 diemque
897 1015 1067 1063 fatigant

164 1081 205 1112 et
224 1075 362 1124 longos
382 1081 570 1125 superant
589 1075 722 1121 flexus,
743 1078 934 1125 variisque
955 1081 1148 1125 teguntur
1291 1080 1340 1118 95

161 1137 361 1173 arboribus
376 1136 587 1186 viridisque
603 1142 739 1173 secant
754 1137 908 1186 placido
923 1150 1092 1187 aequore
1107 1138 1230 1175 silvas.

162 1197 219 1235 sol
237 1198 412 1235 medium
432 1198 529 1234 caeli
550 1198 835 1235 conscenderat
855 1201 994 1247 igneus
1014 1200 1162 1245 orbem,

161 1273 249 1295 cum
269 1272 399 1296 muros
418 1272 626 1308 arcemque
645 1259 780 1308 procul
799 1273 844 1296 ac
864 1273 948 1296 rara
967 1260 1171 1297 domorum

161 1326 267 1358 tecta
285 1321 435 1366 vident,
455 1334 555 1370 quae
575 1334 680 1357 nunc
703 1321 877 1357 Romana
897 1325 1075 1370 potentia
1097 1322 1206 1359 caelo
1235 1335 1338 1361 MPRV

159 1385 356 1432 aequavit,
376 1387 459 1418 tum
481 1395 542 1418 res
562 1385 699 1431 inopes
720 1383 927 1420 Euandrus
949 1383 1130 1421 habebat.
1266 1390 1338 1422 100

160 1446 266 1480 ocius
284 1443 497 1479 advertunt
516 1456 648 1492 proras
668 1445 834 1494 urbique
854 1448 1132 1494 propinquant.

212 1505 329 1541 Forte
349 1504 413 1541 die
434 1504 664 1542 sollemnem
685 1505 751 1542 illo
772 1519 840 1543 rex
861 1507 982 1542 Arcas
1002 1507 1190 1544 honorem

158 1565 536 1615 Amphitryoniadae
558 1579 701 1615 magno
721 1567 898 1616 divisque
920 1568 1073 1605 ferebat

158 1632 251 1664 ante
271 1628 408 1664 urbem
428 1631 468 1664 in
489 1628 586 1664 luco.
647 1628 771 1665 Pallas
791 1628 882 1665 huic
902 1629 1002 1666 filius
1022 1643 1112 1676 una,

158 1701 235 1724 una
253 1702 389 1725 omnes
408 1691 592 1726 iuvenum
614 1692 728 1738 primi
749 1704 975 1740 pauperque
997 1697 1157 1728 senatus
1262 1698 1333 1730 105

156 1755 245 1787 tura
263 1749 425 1795 dabant,
443 1750 680 1800 tepidusque
700 1764 812 1787 cruor
831 1751 1008 1788 fumabat
1027 1752 1077 1788 ad
1097 1766 1190 1790 aras.

158 1816 202 1848 ut
220 1810 342 1848 celsas
361 1811 495 1848 videre
513 1817 617 1849 rates
636 1817 755 1862 atque
776 1815 880 1850 inter
900 1827 1064 1863 opacum

195 1914 223 1933 ⁵³⁰
246 1918 415 1954 peragunt
436 1915 471 1951 13,
491 1914 695 1946 Macrobius.
729 1915 885 1946 Rumone
901 1916 964 1954 Ml,
984 1915 1100 1947 known
1114 1919 1146 1948 to
1161 1915 1306 1951 Servius.

193 1957 222 1975 ⁹²
245 1957 415 1987 mirantur
432 1957 506 1997 F‘yl.

156 1998 207 2036 66
