1399 2271
638 77 826 114 VIRGIL

142 172 247 203 terra
265 166 363 202 mihi
382 165 591 214 Manisque
611 164 727 201 deam
745 163 933 200 demittat
950 163 1000 200 ad
1018 164 1143 200 imos?
1157 163 1180 175 ”

212 225 299 256 tun]
319 218 436 255 effata
454 224 574 267 caput
591 218 732 267 glauco
751 220 929 254 contexit
947 219 1106 262 amictu,
1243 221 1315 253 885

142 273 267 309 multa
286 285 464 322 gemens,
483 278 526 309 et
545 285 587 309 se
605 271 722 308 fluvio
741 271 815 307 dea
835 270 1014 306 condidit
1031 270 1122 307 alto.

195 327 354 363 Aeneas
372 329 496 362 instat
515 331 651 362 contra
667 324 873 373 telumque
893 329 1071 360 coruscat

142 383 286 429 ingens
304 380 511 415 arboreum
531 384 574 416 et
593 391 707 415 saevo
727 380 781 414 sic
800 382 961 426 pectore
980 376 1108 414 fatur:

144 438 277 483 “quae
289 446 395 469 nunc
407 432 554 469 deinde
565 445 674 468 mora
687 433 769 468 est?
788 436 857 467 aut
868 430 962 480 quid
975 433 1066 476 iam,
1076 430 1223 474 Turne,

250 491 440 523 retractas
451 487 467 522 ?

145 553 225 576 non
240 553 368 584 cursu,
384 541 507 576 saevis
521 538 755 575 certandum
770 543 831 574 est
845 540 1063 573 comminus
1077 539 1205 572 armis.
1245 540 1319 578 890

144 599 256 630 verte
276 596 403 630 omnis
421 598 507 629 tete
527 595 569 628 in
588 592 708 628 facies
728 596 771 628 et
789 590 991 635 contrahe,
1010 590 1203 640 quidquid

145 650 226 684 sive
245 650 386 683 animis
404 649 485 683 sive
504 651 589 682 arte
607 645 737 689 vales;
765 650 859 694 opta
878 644 999 680 ardua
1019 647 1151 693 pinnis

145 706 249 737 astra
267 702 378 749 sequi
398 700 653 748 clausumque
672 711 765 734 cava
783 703 826 734 te
845 697 1017 734 condere
1036 696 1180 743 terra.’'

145 754 214 790 ille
233 759 353 803 caput
371 765 558 803 quassans
577 757 602 773 “
613 765 694 788 non
712 765 777 788 rne
796 757 865 788 tua
882 750 1035 787 fervida
1053 755 1209 787 terrent

146 807 265 852 dicta,
285 807 418 843 ferox:
446 806 488 843 di
506 819 571 842 me
589 810 745 842 terrent
763 810 806 841 et
825 804 1006 853 Iuppiter
1023 803 1185 840 hostis.''
1246 807 1319 845 895

147 873 221 897 nec
240 860 354 910 plura
373 860 511 897 effatus
530 872 666 896 saxum
686 861 950 907 circumspicit
968 861 1122 906 ingens,

147 927 282 951 saxum
296 917 515 964 antiquum,
527 916 682 962 ingens,
694 925 833 960 campo
845 911 951 961 quod
962 911 1065 948 forte
1076 911 1243 955 iacebat,

147 967 261 1004 limes
279 980 374 1016 agro
392 970 556 1016 positus,
573 966 688 1002 litem
706 970 752 1002 ut
769 965 1015 1002 discerneret
1033 967 1156 1007 arvis;

149 1024 210 1057 vix
230 1020 329 1057 illud
348 1020 444 1057 lecti
461 1020 522 1056 bis
540 1032 609 1056 sex
628 1022 779 1055 cervice
799 1019 991 1063 subirent,

148 1074 277 1124 qualia
295 1087 402 1110 nunc
419 1073 624 1109 hominum
643 1071 827 1122 producit
844 1084 1005 1121 corpora
1023 1070 1143 1107 tellus
1158 1083 1166 1106 :
1248 1074 1323 1112 900

149 1128 216 1164 ille
235 1141 355 1164 manu
372 1133 530 1176 raptum
548 1125 705 1175 trepida
723 1126 935 1175 torquebat
952 1127 994 1161 in
1011 1124 1180 1169 hostem,

149 1181 264 1218 altior
281 1184 490 1230 insurgens
509 1185 552 1216 et
570 1192 685 1216 cursu
703 1182 881 1215 concitus
899 1178 1025 1215 heros.

151 1235 221 1271 sed
239 1247 370 1284 neque
389 1239 615 1270 currentem
635 1246 677 1270 se
696 1246 770 1269 nec
790 1234 993 1281 cognoscit
1010 1236 1174 1268 euntem

151 1287 411 1325 tollentemve
429 1300 569 1323 manus
584 1299 769 1322 saxumve
784 1288 955 1322 immane
968 1290 1196 1321 moventem
1211 1297 1220 1327 ;

150 1354 280 1390 genua
297 1341 446 1386 labant,
466 1340 621 1390 gelidus
640 1342 840 1376 concrevit
858 1339 1003 1387 frigore
1022 1341 1192 1387 sanguis.
1249 1341 1322 1379 905

150 1401 237 1431 tum
255 1394 354 1443 lapis
372 1396 458 1443 ipse
477 1397 561 1438 viri,
582 1406 745 1429 vacuum
766 1406 837 1442 per
857 1395 975 1428 inane
994 1391 1163 1436 volutus,

149 1461 225 1485 nec
242 1450 412 1496 spatium
432 1450 557 1484 evasit
575 1452 706 1483 totum
724 1459 855 1495 neque
874 1445 1042 1495 pertulit
1059 1448 1194 1482 ictum.

148 1515 194 1537 ac
214 1501 323 1538 velut
341 1504 383 1537 in
403 1503 561 1545 somnis,
580 1499 713 1536 oculos
731 1500 798 1536 ubi
817 1498 1005 1548 languida
1023 1501 1167 1547 pressit

149 1560 268 1592 nocte
287 1557 411 1604 quies,
430 1557 670 1604 nequiquam
689 1553 822 1589 avidos
842 1552 1060 1589 extendere
1079 1564 1214 1588 cursus

148 1608 252 1645 velle
271 1608 452 1645 videmur
469 1613 512 1644 et
529 1611 571 1644 in
589 1606 731 1643 mediis
750 1606 955 1643 conatibus
972 1608 1083 1654 aegri
1248 1608 1324 1647 910

149 1661 408 1705 succidimus3
436 1674 516 1697 non
535 1661 671 1710 lingua
690 1660 808 1704 valet,
823 1672 902 1696 non
922 1671 1084 1708 corpore
1101 1663 1221 1695 notae

149 1715 347 1752 sufficiunt
364 1717 478 1760 vires,
497 1728 571 1751 nec
589 1727 665 1750 vox
683 1718 753 1750 aut
771 1713 890 1750 verba
907 1717 1150 1762 sequuntur:

149 1771 204 1804 sic
223 1768 369 1813 Turno,
388 1781 635 1818 quacumque
655 1769 757 1803 viam
777 1769 924 1803 virtute
942 1768 1098 1814 petivit,

279 1836 323 1854 ⁵⁵4
345 1836 503 1867 demittit
520 1837 571 1867 ΡΙ.

276 1879 321 1898 ⁸³³
345 1880 566 1921 clausumque
583 1880 693 1918 ,MR-7:
714 1878 913 1909 clausumve
930 1877 1073 1916 'inferior
1087 1877 1183 1908 MSS.

278 1922 322 1940 Μ
345 1922 441 1953 iHutn
462 1922 525 1952 Mb.

277 1965 322 1984 ⁹⁰⁴
345 1965 592 2005 tollentemque
608 1965 692 2003 Μγῑ.
741 1975 845 1994 manu
861 1964 939 2003 1³7².
985 1973 1174 2004 sarumque
1189 1973 1241 2001 γε.

150 2029 226 2066 360
282 2007 325 2027 ⁹³³
346 2018 596 2049 quamcumque
614 2007 663 2038 P1.
