1399 2271
615 71 807 108 VIRGIL

124 158 297 208 deponas
316 158 521 207 letumque
541 161 644 195 sinas
664 171 734 208 pro
752 158 869 194 laude
890 160 1042 207 pacisci.

126 222 167 254 et
185 230 256 254 nos
275 217 369 263 tela,
388 222 513 266 pater,
534 216 760 266 ferrumque
780 216 885 253 haud
905 216 1037 253 debile
1056 217 1196 254 dextra
1252 220 1301 253 50

124 278 354 325 spargimus,
374 281 416 313 et
435 281 569 312 nostro
588 278 766 326 sequitur
784 275 834 312 de
850 275 1009 312 volnere
1025 278 1192 324 sanguis.

123 335 242 384 longe
262 335 318 371 illi
338 334 413 371 dea
431 339 559 371 mater
579 336 668 380 erit,
687 346 788 384 quae
807 334 914 371 nube
933 333 1116 383 fugacem

123 393 295 431 feminea
314 398 428 443 tegat
446 399 488 431 et
507 395 616 430 vanis
635 406 720 430 sese
740 393 894 430 occulat
913 393 1102 430 umbris.''

177 454 233 490 At
251 456 401 503 regina,
420 467 520 490 nova
538 466 696 503 pugnae
717 455 931 490 conterrita
950 458 1068 498 sorte,

124 512 242 550 flebat
263 518 302 549 et
322 512 530 549 ardentem
549 525 741 561 generum
762 514 951 548 moritura
970 512 1158 548 tenebat:
1252 515 1300 548 55

123 576 148 593 “
160 572 304 617 Turne,
318 585 388 621 per
400 571 469 608 has
483 585 557 621 ego
570 577 611 609 te
624 571 815 616 lacrimas,
828 584 899 620 per
910 573 942 607 si
955 573 1040 620 quis
1054 571 1221 607 Amatae

124 634 254 681 tangit
273 631 397 667 honos
411 633 585 667 animum
602 629 634 680 (ῑ
640 643 709 679 pes
723 635 768 666 tu
783 642 889 665 nunc
906 642 995 674 una,
1011 634 1196 666 senectae

123 695 167 726 tu
187 693 342 740 requies
361 692 539 735 miserae,
559 689 679 726 decus
697 691 986 738 imperiumque
1007 687 1139 725 Latini

125 754 165 786 te
185 762 320 798 penes,
340 751 379 785 in
400 753 442 785 te
462 750 588 785 omnis
608 747 746 784 domus
765 747 953 783 inclinata
972 738 1197 798 recumbit),

125 821 246 845 unum
266 821 352 845 oro:
384 808 532 845 desiste
551 820 712 843 manum
732 809 981 843 committere
1000 806 1171 843 Teucris.
1251 804 1301 842 60

124 870 190 917 qui
210 873 252 905 te
273 880 440 917 cumque
460 871 625 903 manent
644 869 719 903 isto
739 868 954 903 certamine
975 878 1100 911 casus,

125 933 166 963 et
177 940 254 972 me,
266 926 412 972 Turne,
424 930 610 962 manent:
631 925 744 961 simul
758 924 855 961 haec
868 927 990 961 invisa
1003 924 1221 974 relinquam

124 985 273 1021 lumina
290 998 365 1022 nec
385 997 576 1034 generum
596 984 761 1020 Aenean
782 986 934 1032 captiva
954 983 1132 1019 videbo.'’

123 1047 278 1093 accepit
297 1056 433 1080 vocem
452 1043 621 1080 lacrimis
643 1042 804 1078 Lavinia
822 1045 958 1079 matris

124 1103 323 1152 flagrantis
343 1101 500 1152 perfusa
518 1114 652 1151 genas,
674 1104 736 1138 cui
755 1101 946 1151 plurimus
965 1105 1099 1151 ignem
1252 1100 1300 1138 65

124 1163 291 1199 subiecit
312 1161 427 1198 rubor
447 1166 488 1198 et
508 1160 698 1197 calefacta
718 1173 788 1209 per
807 1173 872 1197 ora
893 1164 1074 1197 cucurrit.

127 1221 269 1257 [ndum
290 1223 506 1270 sanguineo
525 1220 648 1257 veluti
669 1219 874 1256 violaverit
893 1225 998 1256 ostro

125 1283 154 1316 si
175 1283 261 1330 quis
282 1280 391 1325 ebur,
410 1284 480 1315 aut
497 1282 620 1315 mixta
640 1279 785 1315 rubent
804 1279 871 1315 ubi
892 1278 972 1314 lilia
993 1278 1117 1315 multa

123 1339 212 1375 alba
231 1351 339 1375 rosa.
367 1337 457 1375 talis
476 1340 585 1386 virgo
605 1337 725 1374 dabat
745 1350 810 1374 ore
831 1337 936 1373 coloi
939 1350 989 1374 es

124 1398 234 1434 illum
253 1398 388 1434 turbat
406 1410 526 1442 amor,
546 1396 739 1446 figitque
730 1410 770 1432 in
791 1399 942 1446 virgine
963 1396 1101 1433 voltus.
1253 1399 1302 1436 70

123 1457 265 1494 ardet'
255 1470 295 1493 m
315 1470 420 1493 arma
439 1459 562 1505 magis
583 1458 794 1505 paucisque
814 1455 971 1492 adfatur
986 1455 1170 1492 Amatam
1188 1469 1195 1492 :

123 1520 148 1537 ‘⁶
160 1530 224 1561 ne,
244 1529 401 1566 quaeso,
421 1529 472 1552 ne
492 1529 556 1552 me
576 1515 743 1551 lacrimis
763 1528 864 1551 neve
884 1517 1014 1551 omine
1035 1520 1147 1551 tauto

123 1588 359 1625 prosequere
379 1576 421 1610 in
440 1574 527 1611 duri
548 1576 763 1610 certamina
784 1573 923 1610 Martis
944 1578 1118 1618 euntem,

123 1648 145 1670 o
165 1639 315 1678 mater3
344 1646 474 1683 neque
495 1636 600 1670 enim
621 1632 754 1669 Turno
774 1645 880 1668 mora
900 1632 1023 1669 libera
1041 1644 1126 1668 moi
1129 1635 1188 1669 tis

122 1696 284 1730 nuntius
305 1693 415 1738 haec,
437 1692 590 1737 Idmon,
610 1691 738 1741 Phry
717 1694 779 1727 oio
793 1704 882 1728 mea
902 1691 1007 1727 dicta
1027 1696 1196 1741 tyranno
1252 1694 1300 1731 75

122 1752 227 1788 haud
247 1751 438 1801 placitura
456 1750 582 1788 refer:
612 1764 701 1787 cum
716 1753 885 1800 primum
902 1752 1070 1787 crastina
1086 1750 1194 1787 caelo

122 1813 299 1861 puniceis
319 1813 476 1847 invecta
495 1812 590 1847 rotis
610 1810 762 1846 Aurora
782 1810 953 1854 rubebit,

164 1893 175 1913 ¹
198 1894 241 1934 cf.
261 1903 296 1927 v.
315 1894 388 1925 230.

163 1936 176 1955 ²
198 1936 241 1968 In
257 1937 317 1968 the
333 1936 427 1967 Iliad
447 1939 496 1975 (at
512 1945 546 1967 v.
566 1937 625 1968 311
645 1936 695 1974 ff.)
722 1937 855 1967 Aeneas
879 1935 907 1966 is
931 1934 1072 1966 reseued
1095 1934 1141 1976 by
1165 1936 1296 1977 Aphro-

120 1979 194 2011 dite
224 1979 301 2010 who
318 1979 458 2021 spreads
475 1979 592 2010 before
615 1979 685 2010 him
710 1989 730 2010 a
753 1978 824 2009 sold
849 1978 884 2010 of
906 1978 967 2009 her
989 1984 1154 2019 garment.
1204 1979 1296 2010 Else-

122 2027 196 2061 30⁶2
