1399 2271
683 52 872 88 VIRGlL

189 152 259 188 per
277 139 387 175 ducis
408 138 581 175 Euandri
601 150 746 175 nomen
765 138 999 186 devictaque
1018 136 1123 173 bella
1290 137 1365 174 370

188 211 377 247 spemque
391 211 530 241 meam,
544 200 693 246 patriae
706 210 805 247 quae
819 210 923 232 nuuc
937 197 1043 232 subit
1053 194 1208 231 aemula
1219 193 1340 241 laudi,

190 257 298 293 fidite
319 270 369 293 ne
390 256 567 305 pedibus.
624 256 727 293 ferro
747 256 966 305 rumpenda
985 268 1056 304 per
1076 255 1199 290 hostis

190 321 251 352 est
266 317 335 351 via.
393 329 470 364 qua
484 315 624 363 globus
639 314 705 351 ille
722 317 846 350 virum
861 314 1115 350 densissimus
1131 316 1260 361 urget,

190 374 262 410 hac
284 387 348 410 vos
369 380 411 410 et
432 373 610 410 Pallanta
629 373 770 410 ducem
792 375 917 422 patria
936 373 1015 408 alta
1033 373 1215 421 reposcit.

190 435 350 469 numina
371 432 478 469 nulla
498 437 698 481 premunt,
713 432 867 468 mortali
884 444 1069 480 urgemur
1083 431 1132 467 ab
1148 430 1260 466 hoste
1291 431 1364 468 375

191 491 397 534 mortales3
425 491 594 528 totidem
616 491 727 527 nobis
746 493 978 539 animaeque
998 502 1226 539 manusque.

191 563 296 596 ecce,
316 552 432 586 maris
451 563 594 599 magna
615 549 763 586 claudit
783 562 852 585 nos
873 550 984 585 obice
1004 553 1161 598 pontus,

191 610 306 646 deest
317 611 394 645 iam
406 614 511 646 terra
522 609 639 658 fugae
650 621 658 653 ;
678 609 841 658 pelagus
855 608 1062 644 Troiamne
1075 607 1277 656 petemus?
1287 605 1308 618 ’⁹

191 668 288 704 haec
308 670 363 704 ait
383 673 425 704 et
442 668 596 704 medius
615 668 757 704 densos
777 669 997 716 prorumpit
1016 669 1056 702 in
1076 665 1209 703 hostis.

245 728 395 764 Obvius
409 727 500 763 huic
520 730 700 776 primum,
722 726 812 762 fatis
831 726 1026 762 adductus
1045 727 1201 775 iniquis,
1293 728 1368 761 380

192 787 235 823 fit
250 786 389 834 Lagus.
424 785 542 831 hunc,
556 798 700 834 magno
712 785 824 821 vellit
837 785 930 821 dum
945 784 1119 834 pondere
1133 797 1280 828 saxum,

191 850 339 882 intorto
359 845 444 894 figit
465 845 560 890 telo,
579 845 803 881 discrimina
824 846 940 880 costis

192 917 262 953 per
276 903 447 940 medium
467 917 542 953 qua
558 906 670 952 spina
685 903 818 947 dabat,
835 903 1066 951 hastamque
1086 907 1265 950 receptat

192 964 342 1000 ossibus
356 962 598 999 haerentem.
635 975 753 1011 quem
767 974 845 997 non
858 974 975 1010 super
987 966 1154 1010 occupat
1168 960 1307 1006 Hisbo,

192 1022 258 1058 ille
271 1021 432 1071 quidem
446 1021 519 1056 hoc
532 1034 692 1069 sperans
708 1033 716 1056 t
733 1033 822 1055 nam
839 1019 963 1056 Pallas
975 1025 1069 1055 ante
1082 1024 1277 1064 ruentem,
1294 1022 1367 1054 385

192 1080 286 1116 dum
308 1079 415 1124 furit,
435 1082 637 1115 incautum
658 1078 805 1114 crudeli
827 1083 953 1114 morte
973 1077 1114 1114 sodalis

194 1141 340 1187 excipit
355 1144 475 1187 atque
493 1151 627 1174 ensem
643 1137 797 1174 tumido
813 1139 851 1172 in
868 1137 1054 1185 pulmone
1071 1136 1261 1173 recondit.

195 1197 285 1233 hine
306 1196 516 1234 Sthenium
537 1199 640 1245 petit
661 1200 703 1232 et
725 1196 867 1232 Rhoeti
887 1195 938 1232 de
957 1192 1079 1244 gente
1100 1200 1253 1231 vetusta

195 1255 498 1301 Anchemolum,
510 1254 702 1291 thalamos
718 1267 854 1290 ausum
870 1256 1064 1290 incestare
1079 1265 1280 1290 novercae.

195 1328 260 1351 vos
280 1317 413 1359 etiam,
435 1316 595 1363 gemini,
620 1313 773 1349 Rutulis
793 1312 990 1349 cecidistis
1009 1315 1050 1347 in
1069 1314 1182 1357 arvis,
1295 1315 1370 1353 390

197 1373 356 1417 Daucia‚
378 1372 520 1408 Laride
541 1372 834 1420 Thymberque,
854 1370 1051 1406 simillima
1070 1370 1213 1418 proles,

195 1432 406 1468 indiscreta
426 1434 503 1467 suis
524 1436 738 1479 gratusque
759 1431 988 1478 parentibus
1007 1441 1136 1472 error;

194 1497 235 1527 at
254 1504 359 1527 nunc
379 1490 475 1526 dura
494 1489 607 1525 dedit
626 1490 735 1524 vobis
754 1488 979 1524 discrimina
999 1486 1146 1524 Pallas:

195 1562 284 1585 nam
297 1549 382 1593 tibi,
396 1549 610 1597 Thymbre,
623 1552 741 1596 caput
755 1547 974 1583 Euandrius
989 1545 1152 1582 abstulit
1167 1549 1284 1592 ensis,

196 1614 235 1644 te
255 1608 386 1644 decisa
405 1621 530 1652 suum,
553 1607 707 1652 Laride,
727 1606 891 1642 dextera
911 1608 1064 1655 quaerit
1295 1609 1368 1646 395

196 1669 522 1716 semianimesque
536 1668 682 1701 micant
695 1665 810 1713 digiti
823 1664 1048 1713 ferrumque
1062 1669 1288 1700 retractant.

250 1725 421 1761 Arcadas
440 1737 624 1761 accensos
644 1726 795 1760 monitu
817 1729 859 1760 et
878 1722 1075 1772 praeclara
1094 1725 1244 1759 tuentis

198 1784 299 1820 facta
320 1786 389 1820 viri
408 1786 554 1820 mixtus
574 1783 685 1820 dolor
704 1788 746 1819 et
764 1782 891 1831 pudor
908 1786 1033 1818 armat
1053 1784 1092 1817 in
1113 1780 1246 1819 hostis.

279 1860 324 1879 ³⁷⁷
347 1860 481 1891 Servius
497 1859 604 1891 knows
622 1870 754 1900 magno,
775 1870 906 1900 magua,
926 1859 996 1890 and
1012 1858 1137 1899 magni.

283 1903 328 1923 ³⁷⁸
352 1906 511 1943 petamus
528 1903 660 1941 ,wll-7¹.
787 1902 832 1920 ²¹⁸¹
857 1901 955 1932 vellit
970 1911 1092 1942 niagno
1108 1901 1198 1940 Ple-y.

265 1946 327 1996 '³⁸³
350 1945 450 1977 dedit
465 1946 506 1978 R.
595 1946 640 1965 ³⁹⁰
665 1945 754 1986 agris
772 1946 815 1980 1²,
824 1944 847 1977 ¹,
936 1943 979 1964 ⁸²⁴³
1003 1943 1128 1986 pudor]
1144 1943 1239 1975 furor
1256 1944 1293 1976 R.

204 1990 273 2032 190
