1399 2271
657 23 848 60 VIRGIL

167 116 236 148 aut
254 123 489 160 componere
509 122 603 159 opes
622 114 764 146 norant
781 114 851 146 aut
870 122 1029 158 parcere
1049 114 1173 158 parto,

167 164 237 200 sed
256 166 351 200 rami
371 168 490 212 atque
510 175 623 212 asper
643 166 747 200 victu
768 168 932 200 venatus
951 162 1092 199 alebat.

167 220 315 266 primus
333 218 382 253 ab
401 216 579 253 aetherio
601 219 708 253 venit
728 216 917 252 Saturnus
938 216 1123 265 Olympo,

167 284 273 306 arma
293 270 395 306 lovis
414 269 571 319 fugiens
591 275 633 306 et
652 272 784 317 regnis
806 269 915 306 exsul
934 269 1140 318 ademptis.
1265 271 1340 304 320

168 327 198 360 is
219 336 343 372 genus
363 323 532 359 indocile
552 336 597 359 ac
617 323 836 371 dispersum
855 323 1054 358 montibus
1073 322 1163 358 altis

168 379 386 426 composuit
404 377 592 426 legesque
612 376 738 421 dedit,
758 376 994 425 Latiumque
1015 378 1140 411 vocari

167 430 318 476 maluit,
338 430 398 466 his
418 433 601 479 quoniam
620 429 801 466 latuisset
818 434 929 466 tutus
948 432 988 465 in
1008 432 1093 465 oris.

167 496 284 520 aurea
303 496 402 533 quae
422 483 635 532 perhibent
653 482 721 519 illo
740 483 812 519 sub
831 495 924 532 rege
944 482 1055 519 fuere

167 537 343 573 saecula:
372 540 426 573 sic
447 536 599 585 placida
618 536 782 585 populos
802 538 842 572 in
862 548 958 584 pace
978 536 1156 585 regebat,
1265 539 1339 572 325

167 589 340 626 deterior
358 590 484 627 donec
504 590 693 638 paulatim
713 603 757 625 ac
777 589 935 626 decolor
952 594 1060 626 aetas

168 648 210 680 et
228 643 322 680 belli
342 644 467 680 rabies
488 649 529 680 et
547 656 655 679 amor
674 645 862 679 successit
880 642 1063 679 habendi.

168 702 252 733 tum
271 710 409 733 manus
429 697 602 733 Ausonia
623 701 664 732 et
682 701 824 745 gentes
843 708 988 732 venere
1008 696 1184 740 Sicanae,

167 753 319 799 saepius
339 755 381 787 et
400 763 544 786 nomen
565 752 696 798 posuit
716 749 898 786 Saturnia
915 749 1059 793 tellus;

166 808 252 840 tum
271 816 384 852 reges
403 816 595 852 asperque
616 805 776 839 immani
796 815 957 852 corpore
976 802 1157 852 Thybris,
1266 806 1341 838 330

165 869 188 892 a
207 869 284 905 quo
303 862 392 905 post
412 856 503 893 Itali
523 856 681 892 fluvium
701 858 935 905 cognomine
954 855 1145 905 Thybrim

166 909 358 953 diximus3
387 912 517 946 amisit
535 922 670 946 verum
691 915 803 946 vetus
824 908 970 945 Albula
988 921 1144 945 nomen.

165 976 229 999 me
248 963 403 1012 pulsum
425 965 549 1011 patria
568 963 778 1012 pelagique
798 967 974 999 extrema
993 967 1226 1011 sequentem

167 1016 339 1053 Fortuna
357 1019 606 1065 omnipotens
627 1021 669 1053 et
689 1015 942 1052 ineluctabile
961 1015 1086 1052 fatum

165 1069 225 1106 his
244 1082 409 1118 posuere
429 1069 535 1115 locis,
554 1072 769 1118 matrisque
789 1081 908 1118 egere
927 1069 1135 1105 tremenda
1265 1073 1339 1105 335

165 1122 384 1159 Carmentis
398 1122 606 1172 Nymphae
619 1125 769 1159 monita
781 1127 823 1159 et
834 1122 932 1159 deus
945 1127 1080 1158 auctor
1092 1122 1272 1171 Apollo.”

217 1175 292 1211 Vix
312 1188 359 1212 ea
378 1176 497 1222 dicta,
517 1175 662 1212 dehinc
677 1188 904 1225 progressus
918 1181 1112 1212 monstrat
1126 1181 1168 1212 et
1182 1189 1287 1212 aram

164 1234 206 1266 et
226 1229 515 1266 Carmentalem
538 1229 702 1265 Romani
721 1231 880 1266 nomine
900 1234 1053 1278 portam

163 1295 280 1332 quam
310 1287 545 1328 memorant,
575 1282 785 1332 Nymphae
815 1284 984 1331 priscum
1016 1282 1234 1320 Carmentis

267 1335 471 1381 honorem,

163 1391 262 1426 vatis
281 1388 478 1435 fatidicae,
498 1391 643 1425 cecinit
661 1401 761 1438 quae
781 1391 906 1438 prima
926 1388 1078 1426 futuros
1262 1394 1338 1426 340

166 1442 370 1479 Aeneadas
390 1455 553 1491 magnos
573 1447 614 1479 et
633 1442 766 1479 nobile
788 1442 1045 1478 Pallanteum.

162 1495 255 1532 hinc
267 1495 398 1532 lucum
411 1498 631 1544 ingentem,
644 1508 762 1545 quem
777 1495 963 1532 Romulus
975 1508 1065 1532 acer
1077 1495 1241 1545 Asylum

162 1548 331 1594 rettulit,
352 1554 393 1585 et
412 1549 543 1597 gelida
562 1554 756 1585 monstrat
775 1549 848 1585 sub
868 1561 965 1598 rupe
987 1548 1191 1598 Lupercal,

164 1601 366 1638 Parrhasio
385 1602 535 1638 dictum
557 1602 682 1638 Panos
701 1602 752 1639 de
771 1615 879 1638 more
896 1602 1050 1651 Lycaei.

162 1668 237 1692 nec
255 1668 335 1692 non
355 1660 397 1692 et
416 1658 511 1692 sacri
531 1660 725 1693 monstrat
743 1668 883 1692 nemus
904 1655 1074 1705 Argileti
1262 1660 1336 1693 345

233 1748 277 1767 ⁸¹⁷
300 1749 415 1790 parto]
431 1753 532 1790 rapto
543 1749 605 1781 M1.
698 1750 743 1768 ³²⁴
766 1760 938 1791 aureaque
952 1749 1006 1781 Pl.
1053 1750 1195 1782 fuerunt
1209 1751 1270 1791 Py.

235 1791 280 1810 ³³⁸
304 1791 458 1822 Romano
474 1793 513 1823 R.
699 1793 744 1811 ³⁴¹
766 1793 904 1824 nomine
920 1794 950 1824 R
961 1802 974 1824 :
995 1792 1120 1824 nobine
1134 1793 1210 1833 P72.

203 1883 214 1904 ¹
238 1883 377 1916 Servius
412 1895 509 1926 says:
551 1885 660 1917 Varro
690 1890 802 1917 autem
833 1885 973 1918 Latium
1010 1885 1080 1918 dici
1104 1890 1216 1927 putat,
1249 1888 1338 1928 quod

161 1928 239 1958 latet
256 1927 362 1959 Italia
379 1927 464 1960 inter
479 1928 688 1969 praecipitia
705 1928 849 1969 Alpium
864 1933 893 1960 et
911 1929 1093 1969 Apennini.
1146 1929 1336 1961 Mommsen

163 1975 211 2008 82
