1399 2271
617 59 810 98 V1RG1L

124 147 299 192 dextera,
319 146 491 184 consiliis
510 145 668 184 habitus
687 159 768 183 non
787 145 931 184 futtilis
949 151 1098 191 auctor,

123 208 319 245 seditione
339 213 481 257 potens
500 207 644 259 (genus
663 208 754 245 huic
773 213 952 245 materna
971 208 1183 257 superbum
1223 211 1299 245 340

123 270 307 307 nobilitas
326 269 459 315 dabat,
478 272 674 307 incertum
694 270 744 307 de
763 275 876 319 patre
895 269 1049 307 ferebat
1063 269 1090 320 3)

123 334 249 381 surgit
268 337 311 368 et
329 331 389 368 his
408 336 548 368 onerat
567 331 682 368 dictis
702 336 822 381 atque
842 336 1007 380 aggerat
1025 334 1100 368 iras
1116 343 1125 368 ε

177 398 201 414 “
215 393 313 431 Rem
332 393 431 430 nulli
451 394 656 430 obscuram
675 398 832 430 nostrae
852 406 926 430 nec
946 395 1050 430 vocis
1074 398 1262 442 egentem

123 455 304 501 consulis,
325 468 347 492 ο
367 455 469 492 bone
491 468 583 492 rex:
612 457 744 491 cuncti
764 467 806 492 se
825 457 923 491 scire
943 454 1134 501 fatentur,

123 517 217 567 quid
237 517 395 554 fortuna
414 517 515 554 ferat
535 517 683 566 populi,
703 516 773 554 sed
792 516 925 554 dicere
944 522 1132 554 mussant.
1225 520 1298 553 345

123 579 194 616 det
212 579 440 616 libertatem
461 578 569 615 fandi
589 578 780 629 flatusque
800 581 991 623 remittat,

123 643 231 678 cuius
250 641 300 677 ob
320 643 535 690 auspicium
556 639 772 677 infaustum
791 653 999 690 moresque
1020 643 1196 677 sinistros

123 703 267 753 (dicam
281 703 478 752 equidem,
492 703 586 739 licet
598 716 705 738 arma
716 702 812 738 mihi
826 707 1072 753 mortemque
1086 702 1276 754 minetur)

122 765 270 802 lumina
289 770 352 802 tot
371 764 559 802 cecidisse
580 764 726 801 ducum
745 769 950 814 totamque
969 764 1148 801 videmus

123 826 345 864 consedisse
366 826 504 863 urbem
523 825 648 872 luctu,
668 825 762 862 dum
782 825 898 862 Troia
916 831 1090 876 temptat
1224 830 1299 863 350

122 893 262 935 castra,
280 887 398 937 fugae
419 887 557 933 fidens,
578 895 619 924 et
639 887 792 924 caelum
811 890 969 924 territat
987 890 1114 925 armis.

123 964 245 987 unum
265 953 384 987 etiam
405 950 517 987 donis
538 952 637 995 istis,
656 962 756 999 quae
776 949 944 999 plurima
962 952 1069 986 mitti

124 1012 358 1049 Dardanidis
378 1012 535 1061 dicique
556 1012 681 1057 iubes,
700 1025 836 1057 unum,
857 1014 1005 1060 optime
1025 1024 1176 1061 regum,

121 1074 277 1119 adicias,
297 1086 371 1110 nec
392 1078 433 1110 te
454 1072 572 1109 ullius
592 1072 780 1109 violentia
800 1075 944 1118 vincat,

121 1139 217 1185 quin
236 1140 369 1172 natam
390 1138 551 1184 egregio
567 1147 716 1183 genero
733 1134 941 1184 dignisque
961 1134 1190 1184 hymenaeis
1224 1139 1297 1172 355

121 1199 191 1235 des
210 1203 335 1247 pater,
356 1202 398 1234 et
418 1210 555 1247 pacem
575 1196 677 1233 hanc
696 1201 859 1233 aeterno
878 1196 1040 1233 foedere
1060 1199 1209 1246 iungas.

121 1259 227 1309 quod
246 1262 276 1296 si
296 1264 432 1296 tantus
452 1258 575 1295 habet
594 1263 750 1294 mentes
771 1263 812 1294 et
832 1263 992 1307 pectora
1011 1263 1150 1305 terror,

120 1323 249 1369 ipsum
268 1320 515 1356 obtestemur
534 1322 768 1368 veniamque
788 1332 943 1356 oremus
962 1320 1011 1356 ab
1031 1322 1128 1369 ipso,

121 1383 249 1427 cedat,
270 1384 328 1418 ius
348 1384 548 1430 proprium
568 1383 651 1430 regi
673 1383 902 1430 patriaeque
923 1384 1111 1418 remittat.

120 1443 215 1493 quid
234 1446 394 1480 miseros
415 1446 562 1479 totiens
582 1445 623 1478 in
642 1448 779 1491 aperta
799 1442 973 1492 pericula
993 1446 1086 1480 civis
1222 1443 1297 1481 360

120 1508 273 1554 proicis,
293 1518 316 1541 o
337 1504 451 1541 Latio
471 1509 589 1554 caput
608 1504 748 1540 horum
769 1509 810 1541 et
830 1517 944 1540 causa
962 1505 1181 1542 malorum?

120 1566 227 1602 nulla
247 1566 349 1603 salus
370 1565 499 1610 bello;
528 1578 666 1615 pacem
686 1571 727 1602 te
747 1568 942 1614 poscimus
962 1579 1107 1613 omnes,

120 1627 265 1673 Turne,
285 1627 398 1664 simul
415 1629 520 1676 pacis
540 1627 666 1663 solum
686 1626 910 1664 inviolabile
931 1630 1084 1676 pignus.

119 1691 266 1738 primus
287 1701 373 1737 ego,
393 1690 560 1724 invisum
582 1701 699 1738 quem
720 1693 763 1725 tu
784 1688 857 1725 tibi
877 1688 990 1738 fingis
1010 1688 1070 1740 (et
1090 1703 1174 1727 esse

117 1750 173 1786 nil
193 1749 351 1800 moror),
372 1762 422 1786 en
442 1750 608 1799 supplex
629 1752 754 1787 venio.
803 1752 989 1787 miserere
1009 1752 1189 1789 tuorum!
1221 1750 1293 1788 365

117 1824 220 1861 pone
242 1814 391 1847 animos
412 1816 453 1847 et
473 1811 607 1860 pulsus
625 1811 711 1848 abi!
768 1816 828 1847 sat
847 1811 986 1848 funera
1006 1812 1081 1849 fusi

331 1880 373 1898 ³⁴¹
399 1879 557 1911 ferebant
573 1880 655 1911 P1R.
790 1879 835 1899 ³⁴⁵
857 1883 958 1921 petat
973 1880 1076 1920 Μῑγῖ.

331 1923 375 1941 ³⁵⁸
401 1923 536 1962 iungas]
553 1923 664 1953 firmos
683 1922 775 1960 31²R,
794 1922 937 1954 Servius.

333 1966 377 1984 ³⁶⁶
401 1965 521 1996 funere
535 1966 627 2005 [³²71.
676 1966 753 1996 fuso
769 1965 853 2005 1³7¹:
875 1965 961 1997 fusis
977 1967 1024 1999 M.

119 2015 192 2047 258
