1399 2271
607 63 797 100 VIRGIL

116 155 169 188 sic
189 151 314 200 rigido
333 150 436 187 latus
455 162 549 187 ense
569 149 671 187 ferit.
731 148 944 185 Podalirius
964 147 1116 193 Alsum,

117 210 312 254 pastorem
332 207 535 253 primaque
554 206 637 239 acie
657 214 727 251 per
745 202 826 238 tela
844 206 1040 247 ruentem,
1211 204 1284 237 305

117 271 211 295 ense
230 270 399 308 sequens
419 257 526 293 nudo
544 257 866 305 superimminet:
893 254 960 291 ille
979 256 1105 292 securi

117 312 270 349 adversi
289 311 459 347 frontem
480 309 650 346 mediam
669 314 929 358 mentumque
949 308 1111 344 reducta

118 365 248 402 disicit
268 370 308 401 et
328 377 460 413 sparso
480 363 560 400 late
580 365 683 411 rigat
700 375 806 398 arma
826 374 973 398 cruore.

119 418 185 455 olli
205 418 302 454 dura
321 421 431 467 quies
451 416 582 453 oculos
602 421 644 452 et
661 415 812 452 ferreus
832 420 949 464 urget

119 485 289 517 somnus,
309 474 349 507 in
369 476 572 507 aeternam
591 469 827 505 clauduntur
846 469 994 505 lumina
1012 473 1181 504 noctem.
1215 471 1289 503 310

173 526 228 562 At
247 528 333 575 pius
354 525 509 561 Aeneas
528 523 708 560 dextram
727 522 922 559 tendebat
940 524 1134 558 inermem

120 579 269 616 nudato
288 581 416 627 capite
435 583 555 627 atque
574 589 663 613 suos
683 576 850 612 clamore
870 575 1056 611 vocabat:

122 638 145 654 “
158 646 234 683 quo
250 633 386 668 ruitis?
416 644 565 681 quaeve
579 632 655 667 ista
670 642 812 679 repens
826 628 1019 666 discordia
1034 628 1186 677 surgit?

121 700 143 723 o
162 686 345 722 cohibete
365 685 461 721 iras!
490 687 613 720 ictum
632 686 708 719 iam
728 682 867 719 foedus
887 687 928 719 et
947 694 1083 719 omnes

121 741 360 788 compositae
380 738 512 787 leges;
541 737 637 773 mihi
656 739 715 773 ius
735 748 966 773 concurrere
987 735 1057 772 soli
1071 732 1083 779 ;ι
1217 738 1290 771 315

121 806 185 830 me
204 795 321 830 sinite
341 797 460 840 atque
480 790 633 827 auferte
653 795 807 834 metus3
832 802 906 838 ego
925 788 1086 825 foedera
1101 787 1190 824 faxo

123 847 231 883 firma
242 859 360 882 manu
371 858 379 889 ;
398 844 574 881 Turnum
588 844 739 880 debent
750 843 848 879 haec
859 845 936 879 iam
948 842 1045 878 mihi
1057 840 1201 878 sacra.''

124 900 192 937 has
211 903 316 936 inter
335 911 461 944 voces,
482 897 612 934 media
630 899 736 933 inter
754 896 848 933 talia
867 896 997 941 verba,

124 966 216 990 ecce
236 955 317 989 viro
336 951 507 989 stridens
526 950 596 986 alis
615 950 775 999 adlapsa
794 952 938 998 sagitta
958 954 1032 994 est,

123 1010 318 1043 incertum
338 1018 414 1055 qua
433 1005 544 1054 pulsa
562 1017 695 1049 manu,
714 1016 791 1053 quo
809 1004 968 1040 turbine
987 1002 1139 1048 adacta,
1220 1004 1296 1037 320

124 1063 210 1110 quis
229 1064 382 1096 tantam
404 1057 558 1094 Rutulis
576 1057 748 1102 laudem,
766 1069 929 1093 casusne
949 1056 1112 1100 deusne,

124 1113 327 1151 attulerit:
356 1125 488 1161 pressa
508 1116 569 1147 est
587 1113 752 1159 insignis
770 1110 894 1159 gloria
914 1109 1007 1146 facti

125 1180 200 1204 nec
219 1179 304 1203 sese
325 1166 487 1202 Aeneae
507 1166 667 1201 iactavit
688 1163 845 1200 volnere
865 1166 1082 1212 quisquam.

178 1220 333 1257 Turnus
352 1224 398 1255 ut
417 1219 582 1255 Aenean
602 1217 814 1254 cedentem
834 1230 882 1253 ex
901 1218 1059 1265 agmine
1078 1214 1177 1252 vidit

127 1275 383 1322 turbatosque
403 1271 537 1317 duces,
556 1271 685 1307 subita
705 1283 774 1319 spe
794 1269 967 1306 fervidus
987 1268 1122 1312 ardet3
1223 1272 1296 1305 325

127 1329 254 1376 poscit
269 1339 389 1376 equos
403 1331 524 1375 atque
539 1337 646 1361 arma
660 1323 774 1360 simul
790 1323 971 1373 saltuque
987 1322 1178 1371 superbus

128 1383 271 1417 emicat
290 1383 330 1415 in
351 1392 506 1415 currum
527 1383 569 1415 et
587 1378 766 1414 manibus
785 1376 944 1414 molitur
963 1375 1147 1412 habenas.

129 1434 254 1470 multa
271 1435 397 1469 virum
416 1432 583 1468 volitans
603 1431 672 1468 dat
692 1431 808 1468 fortia
826 1442 986 1479 corpora
1007 1429 1121 1475 Leto,

129 1489 346 1524 semineces
366 1485 487 1522 volvit
506 1484 651 1522 multos
671 1490 739 1520 aut
757 1486 915 1533 agmina
933 1496 1046 1520 curru

129 1543 297 1590 proterit
315 1545 384 1576 aut
403 1544 533 1588 raptas
553 1537 797 1587 fugientibus
815 1539 964 1586 ingerit
981 1536 1123 1572 hastas.
1225 1539 1300 1573 330

129 1594 254 1644 qualis
273 1592 377 1642 apud
397 1592 519 1641 gelidi
540 1605 628 1628 cum
649 1591 808 1627 flumina
827 1593 1003 1627 concitus
1025 1590 1151 1625 Hebri

129 1649 367 1696 sanguineus
384 1646 538 1682 Mavors
558 1645 685 1694 clipeo
703 1647 860 1681 intonat
877 1649 997 1693 atque
1018 1643 1185 1679 furentis

129 1701 233 1737 bella
252 1712 414 1736 movens
432 1701 614 1735 immittit
634 1710 776 1748 equos3
805 1697 862 1733 illi
876 1709 1046 1746 aequore
1061 1700 1199 1746 aperto

130 1759 223 1791 ante
237 1753 361 1790 Notos
375 1752 678 1802 Zephyrumque
690 1751 835 1796 volant,
849 1753 974 1800 gemit
986 1749 1125 1786 ultima
1136 1747 1250 1798 pulsu

173 1840 217 1860 ³⁰4
242 1840 330 1870 feret·
348 1839 405 1870 illl.
456 1838 553 1879 pedit
570 1838 605 1870 P.
800 1837 845 1856 ³¹⁰
869 1835 1064 1867 conduntur
1081 1836 1116 1867 P.

173 1883 214 1902 ³¹¹
241 1884 386 1913 inertem
406 1882 463 1913 311.
799 1879 844 1898 ³¹³
867 1880 1011 1920 quaeve]
1026 1888 1136 1919 quove
1152 1878 1191 1911 R.

173 1926 217 1946 ³²¹
243 1936 296 1957 -ve
314 1949 320 1957 .
341 1950 346 1956 .
369 1949 376 1956 .
397 1934 452 1955 -ve
469 1925 513 1955 M.
801 1922 845 1941 ³³⁰
867 1923 943 1961 aut]
959 1925 994 1952 et
1015 1922 1049 1952 R.

173 1969 218 1988 ³³²
241 1969 397 2009 increpat
415 1968 474 2007 Py,
487 1966 631 1998 Servius.
672 1966 834 2005 1urentis]
848 1965 976 1996 furenti
990 1965 1041 1995 R:
1055 1963 1226 2006 prementi
1238 1964 1274 1994 M
1277 1962 1289 1982 1

134 2024 209 2057 320
