1399 2271
667 79 856 116 VIRGIL

177 170 218 200 tu
237 170 351 214 potes
371 164 536 200 Aenean
555 166 734 202 manibus
753 166 971 204 subducere
992 168 1153 205 Graium

175 239 323 276 proque
341 228 422 262 viro
441 225 627 262 nebulam
647 232 689 263 et
707 233 846 264 ventos
865 229 1083 266 obtendere
1103 233 1242 277 inanis,

174 293 215 324 et
228 293 341 337 potes
356 290 396 323 in
412 287 579 325 totidem
596 288 759 325 classem
774 296 1004 328 convertere
1019 292 1213 341 nymphas
1228 305 1236 329 :

174 362 243 386 nos
260 349 407 400 aliquid
432 350 595 386 Rutulos
614 356 750 388 contra
770 354 911 388 iuvisse
931 352 1148 389 nefandum
1169 355 1257 391 est?

175 413 329 448 Aeneas
347 414 505 460 ignarus
524 412 659 450 abest:
688 415 846 462 ignarus
867 419 908 450 et
926 415 1039 451 absit.
1298 421 1345 454 85

173 478 233 510 est
254 472 409 522 Paphus
429 473 676 523 Idaliumque
695 475 782 520 tibi,
801 480 894 511 sunt
912 475 992 512 alta
1012 476 1206 525 Cythera:

172 535 264 585 quid
276 535 477 584 gravidam
490 535 602 571 bellis
616 536 752 572 urbem
766 541 807 572 et
819 536 936 572 corda
947 550 1085 586 aspera
1098 543 1270 587 temptas
1282 541 1298 574 ?

172 607 294 631 nosne
313 594 385 630 tibi
405 593 525 630 fluxas
547 593 739 644 Phrygiae
759 607 820 631 res
843 600 997 632 vertere
1018 595 1142 632 fundo

172 657 382 692 conamur?
411 657 508 692 nos?
535 669 586 691 an
605 658 766 692 miseros
786 658 852 705 qui
871 656 991 693 Troas
1010 657 1170 694 Achivis

172 718 343 755 obiecit?
371 730 471 767 quae
491 730 605 753 causa
624 717 713 763 fuit,
732 730 967 767 consurgere
988 720 1028 754 in
1048 732 1153 761 arma
1298 722 1347 759 90

173 780 447 829 Europamque
468 780 680 828 Asiamque
701 784 742 816 et
762 779 922 816 foedera
941 779 1092 817 solvere
1111 780 1246 820 furto?

171 855 234 879 me
253 842 354 879 duce
375 841 598 878 Dardanius
618 841 799 890 Spartam
820 844 1063 890 expugnavit
1081 842 1238 886 adulter

170 909 239 941 aut
259 917 333 953 ego
352 903 433 940 tela
451 903 544 940 dedi
566 903 692 939 fovive
713 903 898 952 cupidine
919 903 1050 940 bella?

172 971 256 1003 tum
276 966 411 1002 decuit
430 968 618 1002 metuisse
637 967 739 1002 tuis:
768 978 873 1001 nunc
893 977 978 1002 sera
998 966 1183 1015 querellis
1285 1011 1289 1014 .

172 1027 276 1064 haud
296 1030 407 1063 iustis
426 1026 602 1075 adsurgis
622 1031 664 1062 et
683 1028 801 1062 inrita
818 1028 943 1074 iurgia
963 1027 1120 1063 iactas.’'
1296 1031 1345 1071 95

223 1089 382 1126 Talibus
401 1089 537 1125 orabat
559 1089 669 1133 Iuno,
691 1090 903 1137 cunctique
924 1087 1148 1126 fremebant

171 1151 378 1188 caelicolae
398 1151 565 1187 adsensu
585 1152 703 1194 vario,
724 1163 795 1186 ceu
816 1149 971 1186 flamina
991 1153 1116 1199 prima

171 1228 258 1250 cum
278 1214 473 1262 deprensa
491 1212 667 1249 fremunt
687 1212 791 1248 silvis
812 1217 854 1248 et
873 1225 989 1248 caeca
1009 1212 1190 1251 volutant

170 1289 381 1321 murmura,
400 1280 587 1311 venturos
605 1277 735 1310 nautis
755 1273 963 1323 prodentia
984 1279 1133 1311 ventos.

170 1344 254 1375 tum
271 1343 383 1387 pater
398 1339 662 1385 omnipotens,
678 1349 808 1372 rerum
824 1338 886 1372 cui
902 1338 1026 1384 prima
1041 1341 1229 1385 potestas,
1272 1341 1344 1373 100

170 1400 255 1436 infit
273 1400 339 1450 (eo
358 1399 518 1435 dicente
538 1398 656 1433 deum
677 1397 815 1433 domus
835 1396 914 1433 alta
934 1397 1082 1435 silescit

170 1466 211 1498 et
230 1459 463 1497 tremefacta
482 1459 563 1495 solo
582 1459 712 1504 tellus,
733 1458 824 1495 silet
842 1457 986 1494 arduus
1006 1457 1157 1504 aether,

170 1529 254 1559 tum
267 1522 435 1572 Zephyri
448 1534 625 1570 posuere,
639 1523 784 1570 premit
797 1519 949 1569 placida
961 1533 1129 1569 aequora
1143 1520 1305 1572 pontus)
1319 1534 1327 1558 :

170 1586 371 1633 “accipite
391 1596 486 1632 ergo
505 1585 643 1618 animis
663 1587 782 1632 atque
802 1581 899 1617 haec
919 1594 1007 1617 mea
1027 1581 1135 1630 figite
1156 1582 1271 1618 dieta.

169 1645 487 1696 quandoquidem
501 1645 695 1680 Ausonios
707 1646 892 1692 coniungi
907 1643 1066 1679 foedere
1079 1643 1239 1681 Teucris
1272 1649 1341 1681 105

169 1707 272 1744 haud
292 1707 445 1743 licitum
463 1719 537 1742 nec
558 1710 688 1742 vestra
707 1707 812 1754 capit
831 1704 1023 1741 discordia
1043 1704 1185 1741 finem:

167 1782 267 1819 quae
297 1772 438 1818 cuique
470 1773 532 1805 est
564 1766 722 1804 fortuna
755 1766 886 1812 hodie,
919 1779 1037 1816 quam
1069 1769 1235 1816 quisque

270 1837 379 1868 secat
397 1843 521 1879 spem,

351 1900 378 1919 ⁸³
402 1899 526 1929 classes
542 1899 587 1929 M.
696 1897 740 1917 ¹⁰⁰
762 1896 887 1938 prima]
902 1906 1035 1927 summa
1051 1896 1187 1938 M²P7².

338 1942 381 1962 ¹⁰⁵
406 1942 566 1972 Ausoniis
583 1939 673 1980 1³²7&
719 1940 867 1971 Teucros
883 1939 960 1982 1³7².

338 1985 381 2005 ²⁰⁴³
405 1985 538 2016 licitum
555 1989 608 2015 est
624 1984 665 2023 R,
682 1983 828 2016 Servius.

172 2030 243 2071 176
