1399 2271
607 71 798 107 VIRGIL

116 162 290 209 quisquis
310 162 350 195 in
369 171 475 194 arma
494 157 644 194 vocas.’'
701 163 743 194 et
763 160 816 193 sic
836 157 975 194 effatus
993 156 1042 193 ad
1062 157 1207 193 undam

118 216 307 261 processit
327 224 556 261 summoque
577 211 707 247 hausit
726 211 775 247 de
797 213 954 259 gurgite
975 210 1168 260 lymphas,

117 266 241 302 multa
261 266 355 302 deos
375 277 501 310 orans,
520 267 776 313 oneravitque
796 263 958 300 aethera
978 266 1087 300 votis.

170 319 332 368 Iamque
351 320 477 354 omnis
496 320 642 367 campis
662 320 857 354 exercitus
876 318 959 353 ibat
977 319 1136 366 apertis,
1242 321 1289 354 25
1339 324 1342 325 ’

117 373 226 409 dives
246 385 405 421 equum,
424 371 533 408 dives
553 374 673 420 pictai
693 373 811 407 vestis
831 375 874 407 et
892 372 974 406 auri

116 425 339 476 (Messapus
359 427 503 474 primas
521 427 638 469 acies,
657 429 856 473 postrema
875 428 1059 460 coercent

116 479 333 528 Tyrrhidae
352 481 527 524 iuvenes,
546 478 677 514 medio
696 477 775 514 dux
795 480 952 526 agmine
972 477 1158 527 Turnus),
1241 481 1289 514 28

117 546 187 569 ceu
208 538 363 581 septem
382 545 546 580 surgens
566 531 712 568 sedatis
731 532 911 567 amnibus
930 530 1032 567 altus
1241 534 1291 567 30

116 599 187 635 per
205 589 370 623 tacitum
391 585 550 633 Ganges
570 590 639 621 aut
656 587 795 634 pingui
814 584 973 620 flumine
994 584 1107 620 Nilus

117 653 205 676 cum
225 640 355 676 refluit
374 641 520 687 campis
541 644 582 675 et
602 641 676 673 iam
698 651 739 674 se
760 637 938 674 condidit
956 637 1078 673 alveo.

117 692 180 728 hic
199 693 369 729 subitam
388 695 501 741 nigro
520 692 728 740 glomerari
747 691 908 740 pulvere
931 691 1078 727 nubem
1188 703 1289 727 muru

116 749 360 795 prospiciunt
371 745 512 782 Teucri
524 758 568 781 ac
581 745 766 781 tenebras
778 747 982 792 insurgere
995 741 1151 793 campis.

116 802 263 848 primus
281 800 330 835 ab
348 799 511 835 adversa
529 798 749 834 conclamat
768 797 872 834 moie
893 797 1028 834 Caicus
1044 811 1052 834 z
1241 801 1287 834 35

117 855 238 902 “quis
257 853 411 901 globus,
430 865 452 888 o
473 855 588 896 cives,
609 852 776 900 caligine
797 851 965 887 volvitur
983 851 1094 887 atra?

116 906 219 943 ferte
238 909 306 942 citi
325 905 485 950 ferrum,
505 905 598 942 date
618 906 710 950 teia,
731 904 933 941 ascendite
952 917 1096 949 muros,

116 959 239 996 hostis
257 959 382 1004 adest,
402 958 491 995 heia
506 959 513 994 l
528 958 549 970 '’
579 961 734 1007 ingenti
754 958 922 994 clamore
942 970 1013 1006 per
1031 960 1156 993 omnis

116 1012 293 1049 condunt
311 1025 353 1049 se
371 1011 513 1048 Teucri
532 1017 664 1060 portas
685 1017 726 1048 et
744 1014 900 1048 moenia
918 1010 1130 1059 complent.

114 1079 284 1115 namque
303 1068 358 1102 ita
377 1065 584 1101 discedens
604 1069 860 1114 praeceperat
877 1067 1048 1112 optimus
1068 1066 1183 1100 armis
1239 1068 1288 1100 40

116 1120 283 1164 Aeneas,
304 1121 334 1155 si
353 1132 429 1168 qua
448 1121 601 1154 interea
620 1117 778 1154 fortuna
797 1117 949 1162 suisset,

115 1186 192 1209 neu
212 1178 364 1209 struere
383 1171 577 1208 auderent
596 1174 720 1207 aciem
742 1184 819 1208 neu
840 1171 1000 1207 credere
1021 1183 1183 1220 campo3

115 1231 240 1262 castra
259 1225 376 1261 modo
396 1230 438 1261 et
456 1230 564 1261 tutos
584 1230 786 1261 servarent
805 1237 950 1273 aggere
970 1237 1108 1260 muros.

114 1293 208 1328 ergo
227 1282 301 1315 etsi
321 1278 499 1315 conferre
518 1291 678 1314 manum
698 1278 824 1326 pudor
842 1280 976 1326 iraque
995 1282 1201 1323 monstrat,

113 1334 290 1369 obiciunt
310 1337 440 1381 portas
459 1337 594 1368 tamen
615 1337 656 1368 et
676 1336 887 1380 praecepta
905 1331 1118 1375 facessunt,
1237 1335 1285 1367 45

114 1389 331 1435 armatique
351 1388 453 1421 cavis
473 1390 707 1433 exspectant
727 1385 898 1420 turribus
919 1384 1083 1421 hostem.

114 1440 282 1484 Turnus,
295 1444 339 1475 ut
351 1444 443 1475 ante
458 1438 590 1474 voians
602 1438 757 1474 tardum
772 1443 1038 1486 praecesserat
1050 1450 1207 1486 agmen,

114 1495 255 1541 viginti
275 1492 386 1528 lectis
407 1494 585 1540 equitum
606 1494 827 1537 comitatus,
847 1496 889 1527 et
909 1492 994 1527 urbi

114 1548 343 1594 improvisus
361 1545 496 1581 adest:
524 1545 686 1581 maculis
705 1558 822 1594 quem
843 1544 1031 1581 Thracius
1050 1544 1147 1581 albis

115 1605 245 1648 portat
264 1612 387 1648 equus
406 1601 601 1647 cristaque
621 1601 724 1646 tegit
742 1597 855 1645 galea
874 1610 990 1634 aurea
1009 1598 1134 1634 rubra.
1237 1601 1286 1634 50

115 1655 277 1702 “ecquis
290 1655 376 1697 erit,
390 1665 558 1697 mecum,
570 1654 743 1697 iuvenes,
756 1654 822 1700 qui
835 1654 982 1700 primus
994 1654 1034 1686 in
1047 1651 1223 1687 hostem?

114 1706 306 1743 en'’—ait
326 1711 367 1742 et
385 1705 555 1741 iaculum
574 1710 805 1754 attorquens
824 1707 974 1741 emittit
992 1707 1030 1740 in
1053 1717 1175 1749 auras,

157 1766 186 1786 ²²
208 1768 244 1797 et
259 1765 395 1797 omitted
410 1766 462 1797 1³2.
570 1765 598 1784 ²⁵
621 1766 745 1804 omnis]
762 1765 846 1797 adeo
862 1765 924 1796 M2.

155 1809 184 1828 ²⁹
207 1809 358 1840 vertitur
381 1819 475 1839 arma
497 1812 619 1839 tenens
642 1812 677 1839 et
704 1812 780 1839 toto
804 1808 933 1840 vertice
959 1818 1062 1848 supra
1088 1810 1152 1840 est.
1205 1807 1286 1839 This

114 1861 211 1889 verse,
231 1852 325 1891 yivcn
342 1851 382 1891 by
398 1850 541 1891 inferior
556 1852 668 1889 MSS„
687 1850 715 1882 is
731 1851 828 1882 taken
834 1850 931 1891 from
947 1860 1011 1882 vn.
1033 1852 1104 1884 784.

155 1895 184 1914 ³³
207 1905 330 1935 magno
346 1894 423 1933 [²7¹.
571 1894 599 1912 ³⁷
623 1893 778 1925 scandite
795 1894 866 1925 M2:
886 1897 921 1925 et
937 1893 1093 1925 scandite
1109 1895 1177 1925 FR.

157 1937 186 1956 ‘³2
207 1937 296 1968 acies
313 1938 351 1968 R.
570 1936 597 1955 Η
622 1936 718 1968 furor
732 1936 877 1969 Nonius.
925 1939 1119 1968 monstrant
1134 1936 1170 1968 F.

155 1980 185 1999 ⁵²
207 1981 406 2021 intorquens
422 1980 467 2011 Μ.

118 2029 190 2060 114
