1399 2271
675 81 864 118 VIRGIL

178 170 269 205 inde
290 170 388 206 aliae
408 169 585 205 celerant
605 181 749 206 cursus.
807 173 943 218 stupet
961 170 1107 205 inscius
1126 171 1210 217 ipse

178 233 273 270 Tros
294 233 568 279 Anchisiades,
586 236 736 270 animos
755 238 891 270 tamen
910 236 1041 270 omine
1060 233 1177 270 tollit.
1279 237 1354 269 250

178 304 263 335 tum
282 298 456 335 breviter
474 311 614 347 supera
629 303 836 347 aspectans
852 311 1025 334 convexa
1043 302 1249 346 precatur:

179 362 315 398 “alma
335 376 476 412 parens
498 362 616 399 Idaea
635 362 767 408 deum,
789 365 850 398 cui
870 362 1071 412 Dindyma
1091 361 1197 398 cordi

180 430 476 477 turrigeraeque
496 428 612 463 urbes
632 427 834 476 biiugique
854 427 903 463 ad
923 426 1036 463 frena
1055 426 1202 472 leones,

180 498 222 529 tu
239 491 335 528 mihi
352 505 456 528 nunc
471 504 628 541 pugnae
646 494 841 540 princeps,
854 496 897 528 tu
915 494 990 527 rite
1007 493 1245 540 propinques

179 559 384 606 augurium
400 556 698 606 Phrygibusque
712 556 814 592 adsis
826 555 942 605 pede,
956 556 1057 601 diva,
1070 555 1281 592 secundo.”

179 626 335 658 tantum
357 620 506 657 effatus.
564 626 605 657 et
624 623 777 657 interea
796 619 973 657 revoluta
994 620 1134 656 ruebat
1282 618 1356 656 256

180 691 333 722 matura
351 687 427 721 iam
448 685 535 721 luce
556 684 640 721 dies
660 690 899 734 noctemque
919 684 1086 733 fugarat.

235 750 430 798 Principio
451 752 562 785 sociis
584 749 718 794 edicit,
739 752 851 798 signa
871 754 1096 798 sequantur

180 820 298 864 atque
319 816 468 850 animos
488 818 630 862 aptent
649 815 765 850 armis
784 826 1021 863 pugnaeque
1042 818 1182 862 parent
1197 826 1249 850 se.

181 882 336 928 iamque
353 881 392 914 in
409 883 621 926 conspectu
642 878 814 914 Teucros
835 877 955 914 habet
971 883 1012 914 et
1027 891 1095 914 sua
1115 883 1254 924 castra,
1283 877 1356 914 ί260

181 949 288 980 stans
307 943 410 979 celsa
430 945 469 978 in
490 944 624 991 puppi,
641 942 811 990 clipeum
828 955 916 978 cum
933 942 1077 979 deinde
1098 945 1253 979 sinistra

182 1007 325 1044 extulit
345 1007 562 1043 ardentem.
621 1006 831 1042 clamorem
852 1005 900 1042 ad
920 1006 1048 1043 sidera
1067 1006 1215 1043 tollunt
1279 1018 1356 1042 Mpn

184 1071 433 1108 Dardanidae
454 1084 475 1107 e
496 1073 629 1115 muris,
650 1083 738 1119 spes
758 1070 894 1107 addita
913 1073 1076 1107 suscitat
1095 1073 1182 1116 iras,

181 1137 261 1173 tela
280 1149 397 1171 manu
418 1138 578 1180 iaciunt,
600 1135 735 1184 quales
755 1136 828 1171 sub
847 1136 1016 1172 nubibus
1036 1138 1130 1172 atris

182 1201 429 1250 Strymoniae
443 1199 540 1235 dant
553 1201 663 1247 signa
677 1212 794 1247 grues
807 1203 926 1248 atque
939 1198 1101 1235 aethera
1110 1204 1270 1237 tranant
1284 1198 1355 1235 ί265

181 1278 270 1301 cum
289 1267 433 1308 sonitu,
453 1262 691 1311 fugiuntque
716 1263 838 1299 Notos
858 1263 1027 1299 clamore
1047 1263 1231 1300 secundo.

181 1335 222 1366 at
244 1329 388 1374 Rutulo
408 1331 492 1376 regi
513 1328 756 1377 ducibusque
777 1341 822 1364 ea
842 1331 940 1363 mira
960 1327 1083 1364 videri

183 1395 378 1438 Ausoniis,
399 1392 525 1428 donec
547 1405 676 1428 versas
696 1392 745 1428 ad
766 1391 880 1428 litora
900 1394 1042 1441 puppis

181 1460 397 1507 respiciunt
415 1462 624 1506 totumque
644 1456 774 1492 adlabi
794 1456 980 1493 classibus
999 1470 1156 1507 aequor.

181 1523 294 1559 ardet
313 1535 412 1570 apex
434 1524 551 1570 capiti
574 1523 778 1570 cristisque
798 1534 820 1557 a
840 1524 986 1558 vertice
1008 1521 1160 1559 flamma
1282 1527 1357 1563 270

182 1587 360 1623 funditur
380 1591 422 1622 et
442 1590 569 1622 vastos
590 1586 708 1621 umbo
729 1588 850 1622 vomit
869 1598 1009 1622 aureus
1030 1589 1154 1635 ignis:

181 1665 261 1688 non
280 1664 391 1688 secus
411 1664 455 1687 ac
475 1649 623 1699 liquida
643 1652 673 1686 si
695 1650 852 1699 quando
872 1655 990 1687 noete
1011 1657 1188 1689 cometae

180 1717 386 1764 sanguinei
406 1714 573 1763 lugubre
593 1714 753 1759 rubent,
772 1718 841 1750 aut
861 1713 982 1750 Sirius
1002 1714 1116 1751 ardor

180 1780 258 1824 ille,
279 1782 384 1815 sitin]
406 1779 640 1827 morbosque
661 1777 792 1814 ferens
811 1777 1042 1815 mortalibus
1061 1781 1201 1828 aegris,

180 1846 353 1880 nascitur
372 1847 414 1879 et
432 1841 542 1878 laevo
563 1844 771 1878 contristat
790 1841 939 1878 lumine
960 1842 1124 1879 caelum.
1281 1849 1354 1883 275

350 1939 392 1958 ²⁵¹
416 1948 518 1978 super
536 1938 702 1978 M1PV71.
855 1938 898 1958 21>ss
921 1938 1067 1970 rubebab
1083 1940 1174 1980 1³²7).

351 1982 394 2001 ²⁷⁰
417 1983 451 2021 a]
466 1992 505 2012 ac
520 1982 612 2022 Plssy.
853 1981 897 2001 ²⁷¹
919 1982 1033 2014 aerius
1047 1983 1096 2015 M.

185 2033 255 2065 188
