1399 2271
635 79 827 115 VIRGIL

147 165 324 210 vidimus,
343 167 518 214 ingentis
538 170 580 202 et
598 165 858 202 desolavimus
876 177 998 214 agros.

144 223 213 254 aut
232 220 262 254 si
284 218 386 254 fama
404 223 550 264 movet,
570 221 601 255 si
620 224 777 255 tantum
797 224 957 268 pectore
978 219 1096 254 robur

145 274 316 320 concipis
335 277 405 308 aut
423 274 454 309 si
473 272 573 308 adeo
592 272 734 309 dotalis
753 275 862 322 regia
880 272 987 308 cordi
1007 277 1080 316 est,

144 325 245 361 aude
260 331 379 375 atque
393 325 600 362 adversum
617 325 741 362 fidens
755 325 816 362 fer
829 330 967 374 pectus
983 327 1022 361 in
1042 325 1208 361 hostem.
1242 327 1315 364 370

144 379 295 415 scilicet
314 384 358 415 ut
377 378 510 415 Turno
529 382 736 428 contingat
754 381 862 428 regia
881 381 1063 423 coniunx,

144 445 213 468 nos
232 434 385 468 animae
404 432 514 478 viles,
532 432 738 469 inhumata
756 432 968 482 infletaque
988 432 1117 476 turba,

144 491 365 522 sternamur
383 487 555 535 campis?
611 489 730 523 etiam
750 491 807 531 tu,
826 488 857 523 si
877 499 954 536 qua
972 486 1045 522 tibi
1064 488 1132 530 vis,

144 542 173 575 si
195 542 311 588 patrii
331 539 426 589 quid
448 540 585 577 Martis
606 539 739 586 habes,
758 539 869 576 illum
888 541 1019 588 aspice
1038 544 1188 585 contra,

144 596 209 642 qui
229 593 380 629 vocat.''
1241 593 1315 630 375

196 646 354 683 Talibus
373 649 518 683 exarsit
537 646 652 684 dictis
671 646 859 683 violentia
877 646 999 682 Turni
1015 659 1023 690 ;

143 700 212 736 dat
231 703 425 748 gemitum
444 703 671 750 rumpitque
692 700 760 737 has
779 703 858 736 imo
877 705 1038 749 pectore
1058 711 1194 735 voces:

144 753 287 802 “larga
305 753 479 802 quidem,
501 753 670 800 Drance,
689 766 847 803 semper
864 754 938 789 tibi
958 750 1068 802 copia
1088 752 1197 788 fandi

143 812 228 842 tum
241 820 328 843 cum
343 806 447 843 bella
458 820 596 844 manus
608 812 789 856 poscunt,
801 807 1055 856 patribusque
1068 808 1214 842 vocatis

143 863 289 909 primus
309 860 413 897 ades.
471 860 540 896 sed
560 873 639 897 non
659 860 850 910 replenda
868 865 930 897 est
948 863 1053 897 curia
1071 860 1213 905 verbis,
1242 863 1316 896 380

143 927 242 963 quae
258 919 346 950 tuto
362 915 432 950 tibi
450 927 592 962 magna
606 914 753 959 volant,
767 914 862 950 dum
878 914 1044 950 distinet
1057 913 1213 950 hostem

142 980 264 1016 agger
282 980 503 1004 moerorum
524 980 597 1004 nec
616 968 814 1004 inundant
832 969 1023 1017 sanguine
1043 966 1179 1012 fossae.

142 1020 307 1069 proinde
327 1026 419 1057 tona
440 1020 596 1070 eloquio
610 1020 787 1071 (solitum
802 1019 892 1071 tibi)
906 1033 1050 1070 meque
1062 1022 1212 1057 timoris

141 1087 262 1122 argue
282 1079 338 1119 tu,
362 1074 529 1119 Drance,
549 1074 706 1123 quando
725 1079 787 1111 tot
806 1076 946 1122 stragis
965 1087 1124 1110 acervos

141 1127 379 1164 Teucrorum
400 1133 467 1164 tua
487 1127 626 1164 dextra
646 1127 759 1164 dedit
778 1130 1000 1176 passimque
1021 1130 1191 1176 tropaeis
1239 1130 1314 1163 385

142 1184 305 1229 insignis
325 1194 448 1229 agros.
506 1184 629 1230 possit
648 1181 742 1230 quid
762 1181 890 1217 vivida
910 1184 1044 1225 virtus,

142 1237 344 1283 experiare
365 1234 482 1271 licet:
510 1248 583 1271 nec
604 1235 721 1283 longe
741 1234 892 1271 scilicet
911 1233 1044 1271 hostes

141 1288 355 1337 quaerendi
376 1288 511 1331 nobis;
540 1290 797 1325 circumstant
815 1287 991 1337 undique
1010 1300 1152 1324 muros.

142 1344 241 1377 imus
262 1344 301 1376 in
321 1341 531 1377 adversos?
560 1341 654 1390 quid
676 1341 829 1378 cessas?
857 1355 907 1377 an
927 1342 1000 1377 tibi
1022 1341 1177 1378 Mavors

141 1400 303 1430 ventosa
323 1397 362 1430 in
383 1394 518 1444 lingua
537 1394 783 1444 pedibusque
804 1393 1010 1443 fugacibus
1029 1397 1112 1430 istis
1240 1398 1315 1436 390

142 1460 298 1496 semper
318 1450 394 1484 erit
409 1449 422 1483 ἓ

140 1501 273 1550 pulsus
287 1502 388 1549 ego?
417 1506 485 1537 aut
497 1504 702 1551 quisquam
715 1503 870 1546 merito,
883 1500 1120 1545 foedissime,
1134 1500 1288 1549 pulsum

139 1560 292 1603 arguet,
315 1554 433 1590 iliaco
453 1555 649 1591 tumidum
670 1557 736 1604 qui
756 1567 932 1591 crescere
951 1554 1141 1604 Thybrim

139 1611 332 1657 sanguine
352 1613 394 1644 et
414 1608 588 1644 Euandri
608 1613 733 1645 totam
754 1621 842 1644 cum
863 1611 985 1656 stirpe
1006 1607 1156 1644 videbit

139 1662 390 1710 procubuisse
409 1661 568 1698 domum
588 1667 708 1711 atque
725 1666 864 1698 exutos
881 1660 1052 1697 Arcadas
1067 1662 1210 1697 armis?
1241 1664 1314 1703 395

139 1715 243 1751 haud
264 1717 319 1752 ita
338 1728 402 1752 me
423 1718 577 1764 experti
598 1715 720 1752 Bitias
741 1720 783 1752 et
805 1714 1003 1751 Pandarus
1023 1717 1163 1763 ingens

223 1818 267 1837 ³¹³⁷
291 1817 546 1858 designavimus
562 1818 638 1856 1³7¹.
937 1816 982 1835 ³⁶⁹
1006 1817 1082 1855 aut]
1099 1818 1134 1847 et
1152 1816 1218 1848 Ple.

223 1861 267 1880 ³⁷³
290 1871 422 1901 semper
439 1860 572 1891 Drance
587 1861 679 1899 Ple-s,
698 1858 842 1891 Servius.
935 1859 980 1878 ³⁸¹
1003 1859 1139 1890 detinet
1156 1859 1205 1891 M.

224 1904 268 1922 ³³²
290 1914 412 1944 aggere
429 1904 589 1943 AIPR710.
639 1903 715 1941 nec]
731 1905 767 1934 et
782 1902 856 1941 P71.

225 1947 269 1965 ³³³¹
292 1947 344 1977 Ml
358 1947 446 1977 adds
461 1946 669 1988 nequiquam
685 1946 789 1977 armis
807 1945 1011 1976 terrebimus
1028 1945 1174 1977 hostem.

223 1989 267 2008 ³⁵³
291 1990 406 2031 arguit
422 1990 483 2021 JD.

140 2032 216 2070 ¹260
