1399 2271
637 87 827 125 VIRGIL

149 186 236 209 cum
257 173 388 222 procul
411 173 481 210 hos
500 173 611 211 laevo
631 173 826 211 flectentis
846 174 971 211 limite
992 180 1160 212 cernunt

149 232 190 263 et
209 227 321 275 galea
343 227 553 276 Euryalum
573 228 758 264 sublustri
779 230 904 264 noetis
923 231 964 264 in
984 229 1120 264 umbra

148 280 321 328 prodidit
340 283 610 317 immemorem
632 281 827 330 radiisque
847 281 1009 318 adversa
1028 282 1194 318 refulsit.

149 333 252 369 haud
281 339 432 370 temere
462 340 523 371 est
551 337 698 370 visum:
731 334 951 371 conclamat
977 335 1026 371 ab
1053 338 1211 383 agmine

256 387 421 424 Volcens
1240 391 1310 427 375

148 445 293 487 “state,
305 443 386 477 viri.
415 453 515 491 quae
528 454 641 477 causa
653 443 737 477 viae
752 442 766 476 ?
785 443 901 490 quive
915 443 1008 478 estis
1021 443 1060 477 in
1073 443 1211 478 armis?

147 507 274 544 quove
293 498 442 531 tenetis
461 494 598 531 iter?''
629 494 726 530 nihil
748 494 804 530 illi
824 494 991 531 tendere
1010 500 1158 541 contra,

147 548 217 584 sed
237 547 408 585 celerare
429 548 562 597 fugam
582 550 623 583 in
643 548 756 584 silvas
777 553 817 585 et
838 548 957 584 fidere
977 551 1094 585 nocti.

147 602 323 638 obiciunt
343 604 496 651 equites
515 614 601 638 sese
620 601 669 637 ad
690 601 856 637 divortia
875 607 968 637 nota

148 655 239 690 hinc
252 660 371 704 atque
384 655 475 691 hinc
487 667 724 704 omnemque
736 655 886 691 abitum
900 654 1062 691 custode
1076 661 1274 692 coronant.

148 709 242 744 silva
261 708 337 745 fuit
356 708 435 745 late
455 708 583 744 dumis
602 713 722 757 atque
741 708 829 744 ilice
850 710 961 756 nigra
1241 713 1309 745 381

148 762 315 806 horrida,
329 775 445 811 quam
465 761 577 798 densi
598 761 851 809 complebant
870 761 1044 810 undique
1060 758 1210 805 sentes;

148 829 230 851 rara
249 828 320 864 per
338 815 512 851 occultos
530 814 689 851 lucebat
707 817 847 851 semita
867 814 994 851 calles.

149 869 360 918 Euryalum
379 869 569 905 tenebrae
589 881 783 904 ramorum
802 881 1043 917 onerosaque
1063 869 1208 917 praeda

147 923 369 971 impediunt
388 922 569 970 fallitque
588 924 706 957 timor
724 924 885 970 regione
906 924 1064 958 viarum.
1240 926 1312 959 385

150 976 265 1012 Nisus
284 976 378 1012 abit.
434 978 589 1024 iamque
608 974 837 1023 imprudens
857 980 1034 1011 evaserat
1053 974 1176 1011 hostis

146 1035 265 1078 atque
285 1029 402 1075 locos,
421 1031 487 1078 qui
507 1033 595 1077 post
615 1028 741 1064 Albae
761 1028 810 1064 de
831 1031 989 1065 nomine
1009 1028 1105 1065 dicti

148 1083 291 1118 Albani
310 1082 412 1132 (tum
433 1095 500 1119 rex
521 1081 674 1118 stabula
692 1081 771 1117 alta
793 1081 955 1118 Latinus
975 1081 1175 1131 habebat),

147 1142 191 1172 ut
210 1138 324 1172 stetit
343 1140 385 1172 et
403 1135 547 1172 frustra
564 1136 770 1171 absentem
790 1138 964 1184 respexit
982 1138 1150 1171 amicum
1166 1149 1174 1172 z

147 1194 171 1210 “
184 1189 352 1239 Euryale
372 1187 523 1234 infelix,
543 1201 618 1238 qua
637 1193 678 1225 te
699 1191 860 1237 regione
880 1189 1048 1238 reliqui?
1241 1194 1313 1232 390

146 1256 270 1292 quave
283 1256 434 1291 sequar,
447 1255 577 1278 rursus
589 1241 820 1291 perplexum
834 1245 909 1278 iter
920 1255 1036 1278 omne
1050 1242 1252 1279 revolvens

146 1296 293 1333 fallacis
312 1296 457 1332 silvae?
473 1295 493 1307 ''
524 1295 636 1331 simul
659 1300 700 1332 et
719 1297 885 1343 vestigia
904 1300 1009 1332 retro

145 1351 350 1386 observata
368 1349 467 1398 legit
486 1349 692 1397 dumisque
712 1349 919 1385 silentibus
939 1353 1052 1385 errat.

145 1404 256 1439 audit
276 1416 408 1452 equos,
427 1402 538 1438 audit
557 1404 744 1450 strepitus
765 1407 807 1438 et
825 1405 936 1451 signa
955 1407 1203 1451 sequentum.

145 1469 218 1493 nec
231 1456 392 1505 longum
406 1458 444 1491 in
458 1456 589 1491 medio
602 1461 770 1503 tempus,
784 1468 873 1491 cum
886 1455 1031 1491 clamor
1042 1456 1091 1491 ad
1103 1459 1205 1493 auris
1239 1460 1312 1499 395

145 1513 326 1558 pervenit
336 1523 380 1545 ac
393 1509 503 1545 videt
516 1508 742 1558 Euryalum,
754 1521 871 1557 quem
884 1511 960 1544 iam
973 1522 1110 1545 manus
1124 1513 1248 1546 omnis

145 1563 280 1599 fraude
300 1563 374 1599 loci
395 1568 435 1599 et
456 1565 592 1609 noctis,
614 1562 744 1598 subito
765 1562 949 1598 turbante
969 1563 1158 1608 tumultu,

144 1629 372 1665 oppressum
392 1619 494 1665 rapit
515 1621 556 1652 et
575 1621 785 1652 conantem
804 1615 971 1664 plurima
990 1615 1143 1652 frustra.

143 1670 235 1719 quid
254 1670 396 1707 faciat?
426 1682 502 1719 qua
518 1672 553 1705 vi
569 1671 765 1714 iuvenem,
780 1670 920 1718 quibus
935 1669 1079 1706 audeat
1093 1672 1209 1706 armis

143 1724 323 1772 eripere?
351 1736 400 1759 an
421 1736 507 1759 sese
526 1722 676 1759 medios
695 1725 906 1759 moriturus
925 1725 965 1758 in
986 1722 1108 1759 hostis
1238 1728 1312 1760 400

144 1777 285 1813 inferat
298 1782 338 1813 et
351 1776 553 1825 pulchram
567 1781 752 1825 properet
765 1788 835 1824 per
847 1775 1003 1812 volnera
1018 1778 1207 1813 mortem?

184 1867 228 1886 ³⁷⁵
251 1877 373 1907 aggere
390 1867 463 1905 I'71.
598 1867 643 1886 3⁷⁸
666 1867 760 1898 silvis
776 1867 835 1906 Py.

183 1910 228 1929 ³⁸⁰
250 1910 383 1940 aditum
402 1909 512 1947 121'71.
598 1909 643 1929 ³⁸²
665 1909 877 1950 complerant
893 1911 950 1941 PR
959 1911 994 1941 V.

183 1952 227 1972 ³⁸³
250 1952 398 1982 ducebat
415 1951 466 1989 1¹²,
486 1951 598 1983 known,
615 1958 647 1983 ro
662 1952 806 1984 Servius.
897 1952 941 1972 ³⁸⁷
966 1953 1058 1984 lucos
1074 1953 1137 1984 a²c.

183 1995 227 2014 ³⁹¹
251 1994 399 2026 resolves
414 1994 476 2026 M².
599 1995 642 2013 ⁴⁰⁰
666 1995 789 2034 hostis]
805 1995 894 2025 ensis
911 1996 948 2034 P,
967 1995 1081 2027 known
1097 1999 1128 2027 to
1144 1995 1286 2028 Servius.

145 2043 215 2076 138
