1399 2271
616 40 807 77 VIRGIL

124 130 218 166 dum
238 135 291 175 te,
311 142 398 166 care
419 141 529 178 puer,
549 142 636 164 mea
656 141 740 165 sera
761 132 802 164 et
822 127 902 163 sola
922 125 1114 175 voluptas,

124 188 331 238 complexu
351 194 483 233 teneo,
503 190 655 237 gravior
674 199 752 224 neu
773 188 936 222 nuntius
956 187 1058 222 auris

124 248 339 285 volueret.”
394 247 492 284 haec
512 249 669 296 genitor
688 246 864 295 digressu
886 245 991 281 dicta
1010 256 1193 293 supremo

123 307 339 351 fundebat3
366 306 502 342 famuli
521 305 748 355 conlapsum
767 307 808 341 in
828 309 936 341 tecta
955 303 1145 340 ferebant.

176 366 337 415 Iamque
356 365 456 402 adeo
476 367 626 402 exierat
645 366 767 413 portis
788 365 986 412 equitatus
1006 364 1165 412 apertis,
1223 365 1295 398 585

123 425 278 462 Aeneas
298 428 403 462 inter
422 427 565 474 primos
586 429 628 461 et
648 423 746 460 fidus
766 422 952 468 Achates,

122 484 215 521 inde
235 485 299 520 alii
319 484 457 521 Troiae
477 496 671 533 proceres,
692 485 775 531 ipse
794 484 952 531 agmine
975 480 1100 517 Pallas

122 546 162 580 in
181 543 324 589 medio,
345 542 551 592 chlamyde
572 547 614 579 et
633 544 748 591 pictis
768 545 1002 590 conspectus
1021 542 1061 576 in
1081 542 1210 586 armis,

122 603 245 652 qualis
266 603 332 639 ubi
352 602 501 638 Oceani
521 601 700 650 perfusus
721 599 880 637 Lucifer
899 599 1016 645 unda,

122 675 239 711 quem
260 662 393 698 Venus
412 666 506 697 ante
525 660 620 696 alios
638 665 830 696 astrorum
849 658 980 708 diligit
999 661 1114 707 ignis,
1224 662 1298 700 590

123 720 266 756 extulit
285 732 326 756 os
345 732 497 756 sacrum
517 718 625 755 caelo
645 718 908 766 tenebrasque
928 716 1097 753 resolvit.

122 783 229 815 stant
244 778 407 827 pavidae
423 781 463 814 in
479 779 600 814 muris
614 782 760 815 matres
775 776 976 825 oculisque
991 780 1210 824 sequuntur

121 837 347 886 pulveream
367 838 515 874 nubem
535 841 577 874 et
596 835 787 885 fulgentis
807 848 897 872 aere
917 839 1102 871 catervas.

122 896 188 932 olli
208 909 278 946 per
297 896 448 942 dumos,
468 909 545 945 qua
564 897 740 944 proxima
759 899 866 931 meta
887 896 1048 938 viarum,

121 957 260 991 armati
280 954 477 998 tendunt3
505 957 538 991 it
557 954 716 999 clamor,
735 958 778 989 et
795 954 953 1001 agmine
974 951 1079 988 facto
1224 956 1297 994 595

122 1014 447 1063 quadrupedante
461 1018 618 1062 putrem
631 1015 762 1049 sonitu
775 1013 904 1061 quatit
916 1010 1064 1059 ungula
1077 1023 1160 1046 cam
1165 1024 1269 1059 pum.

176 1074 248 1110 Est
268 1076 408 1122 ingens
428 1072 605 1121 gelidum
624 1071 735 1108 lucus
755 1083 877 1120 prope
900 1069 1063 1106 Caeritis
1083 1083 1254 1116 amnem,

123 1132 313 1181 religione
333 1138 489 1181 patrum
510 1131 589 1168 late
609 1142 739 1174 sacer3
768 1129 943 1178 undique
964 1128 1083 1165 colles

123 1191 316 1228 inclusere
336 1193 419 1228 cavi
439 1196 481 1228 et
501 1193 613 1239 nigra
633 1201 772 1226 nemus
791 1189 923 1224 abiete
944 1189 1120 1236 cingunt.

123 1250 280 1287 Silvano
300 1249 402 1286 fama
422 1255 483 1286 est
502 1254 657 1286 veteres
676 1259 845 1284 sacrasse
868 1246 1064 1295 Pelasgos,
1223 1245 1300 1284 600

123 1323 301 1346 arvorum
321 1312 551 1358 pecorisque
571 1308 659 1353 deo,
679 1307 891 1356 lucumque
911 1306 1111 1355 diemque,

123 1371 188 1418 qui
209 1371 323 1417 primi
345 1368 429 1404 finis
448 1366 659 1416 aliquando
678 1365 852 1402 habuere
873 1364 1045 1401 Latinos.

124 1427 226 1463 haud
242 1427 375 1476 procul
389 1427 480 1462 hinc
492 1425 645 1462 Tarcho
658 1429 700 1462 et
711 1424 906 1474 Tyrrheni
918 1428 1005 1460 tuta
1018 1424 1212 1460 tenebant

124 1492 248 1523 castra
268 1487 375 1532 locis,
395 1486 577 1535 celsoque
598 1487 723 1521 omnis
743 1483 793 1520 de
814 1483 914 1520 colle
933 1483 1056 1519 videri

124 1548 199 1581 iam
219 1550 376 1594 poterat
395 1545 499 1593 legio
519 1549 562 1580 et
580 1543 669 1580 latis
689 1542 882 1579 tendebat
901 1544 941 1577 in
960 1544 1070 1578 arvis.
1223 1539 1297 1577 605

124 1604 200 1640 huc
220 1610 332 1653 pater
352 1604 508 1640 Aeneas
528 1607 570 1639 et
589 1602 693 1638 bello
713 1601 816 1638 lecta
835 1603 1019 1637 iuventus

124 1663 354 1708 succedunt,
375 1662 545 1711 fessique
566 1666 608 1698 et
627 1673 747 1710 equos
769 1665 810 1697 et
830 1673 991 1708 corpora
1010 1663 1159 1696 curant.

177 1722 233 1758 At
253 1723 386 1758 Venus
405 1721 600 1758 aetherios
621 1723 725 1756 inter
743 1719 817 1755 dea
838 1718 1005 1754 candida
1023 1718 1176 1754 nimbos

125 1781 227 1817 dona
246 1781 378 1818 ferens
397 1781 555 1823 aderat;
584 1784 801 1828 natumque
820 1780 860 1813 in
880 1777 981 1813 valle
1001 1776 1164 1813 reducta

126 1845 170 1876 ut
188 1839 323 1889 procul
344 1839 500 1888 egelido
520 1842 716 1875 secretum
736 1837 896 1873 flumine
916 1835 1027 1881 vidit,
1223 1833 1300 1872 610

188 1910 233 1930 ⁵⁸¹
256 1910 328 1941 sola
343 1912 379 1941 et
396 1919 470 1940 sera
487 1909 524 1939 R.
662 1906 707 1926 ⁵⁸²
730 1905 926 1947 complexus
942 1905 1035 1936 wli.
1084 1914 1125 1935 ne
1143 1903 1234 1944 I’271.

190 1953 234 1973 ⁵⁸³
256 1953 366 1992 dicta]
382 1954 511 1983 maesta
528 1951 590 1983 111².
668 1950 712 1969 ⁶1⁰
735 1953 770 1981 et
787 1948 899 1990 gelido
914 1949 951 1979 M
954 1948 1059 1988 2Ρλῑίγ.

130 2001 202 2035 100
