1399 2271
641 95 696 132 VI
702 94 794 131 RGI
799 95 832 131 L

145 185 273 229 litora,
293 184 451 232 pinguis
469 182 536 220 ubi
556 187 598 220 et
616 182 816 232 placabilis
835 196 900 219 ara
922 182 1083 219 Dianae.

150 255 320 292 namque
342 241 478 279 ferunt
497 241 600 278 fama
618 242 896 292 Hippolytum,
911 246 1118 291 postquam
1133 246 1218 278 arte

257 313 449 337 novercae
1248 296 1322 338 765

150 359 339 396 occiderit
358 362 582 409 patriasque
603 359 773 408 explerit
792 361 983 408 sanguine
1004 371 1150 407 poenas

151 420 318 456 turbatis
337 418 549 456 distractus
571 421 694 468 equis,
715 418 764 454 ad
784 417 912 455 sidera
930 430 1062 454 rursus

150 477 326 515 aetheria
346 483 388 515 et
406 490 565 526 superas
585 477 682 514 caeli
703 479 855 514 venisse
875 477 946 513 sub
966 489 1090 522 auras,

154 537 331 574 Paeoniis
350 542 577 574 revocatum
595 536 728 573 herbis
749 542 790 573 et
809 548 940 572 amore
961 535 1123 572 Dianae.

152 602 236 633 tum
250 601 363 645 pater
375 598 639 645 omnipotens,
651 595 823 645 aliquem
836 595 1065 644 indignatus
1078 595 1126 631 ab
1139 595 1285 631 umbris

151 654 358 692 mortalem
379 654 543 691 infernis
563 655 612 691 ad
633 655 780 691 lumina
801 667 961 703 surgere
984 657 1098 700 vitae,
1254 656 1323 693 771

152 717 236 763 ipse
255 718 497 763 repertorem
518 713 738 750 medicinae
758 713 848 749 talis
869 718 910 750 et
928 715 1023 749 artis
1096 750 1098 752 ,

152 772 318 809 fulmine
341 771 636 821 Phoebigenam
656 772 812 822 Stygias
833 772 1003 808 detrusit
1022 771 1069 808 ad
1091 772 1226 809 undas.

152 836 193 868 at
212 830 342 867 Trivia
364 831 629 880 Hippolytum
650 833 812 868 seeretis
832 831 934 867 alma
954 830 1134 867 recondit

153 890 311 927 sedibus
332 895 373 926 et
392 891 590 940 nymphae
612 890 779 939 Egeriae
799 893 1028 940 nemorique
1050 890 1214 939 relegat,
1257 892 1330 930 775

153 949 256 986 solus
276 949 342 985 ubi
363 951 404 985 in
424 949 528 986 silvis
550 949 660 986 Italis
680 949 864 998 ignobilis
884 961 1024 985 aevum

154 1011 334 1057 exigeret
352 1021 542 1058 versoque
562 1009 629 1045 ubi
649 1011 808 1045 nomine
828 1008 984 1045 Virbius
1005 1013 1119 1045 esset.

155 1067 261 1104 unde
282 1070 401 1104 etiam
421 1067 572 1116 templo
591 1068 746 1104 Triviae
765 1067 942 1117 lucisque
963 1070 1121 1104 sacratis

155 1126 387 1176 cornipedes
406 1132 592 1163 arcentur
611 1129 714 1176 equi,
735 1126 840 1176 quod
860 1126 975 1163 litore
997 1139 1151 1162 currum

155 1191 198 1222 et
217 1188 401 1222 iuvenem
421 1188 605 1222 monstris
625 1185 756 1234 pavidi
778 1185 952 1222 effudere
972 1187 1141 1222 marinis.
1258 1187 1334 1225 780

156 1244 255 1281 filius
274 1244 450 1281 ardentis
472 1244 577 1281 haud
598 1247 720 1281 setius
739 1257 909 1294 aequore
930 1247 1057 1293 campi

156 1304 367 1340 exercebat
389 1317 509 1354 equos
531 1316 724 1353 curruque
744 1306 785 1340 in
804 1303 910 1342 bella
930 1304 1080 1341 ruebat.

211 1363 300 1411 Ipse
320 1366 424 1399 inter
443 1365 588 1411 primos
607 1363 825 1412 praestanti
845 1375 1005 1411 corpore
1026 1362 1181 1399 Turnus

156 1425 324 1458 vertitur
342 1435 448 1457 arma
468 1427 611 1458 tenens
632 1427 673 1458 et
692 1427 778 1458 toto
798 1424 945 1458 vertice
965 1434 1081 1470 supra
1102 1427 1172 1459 est.

156 1484 217 1517 cui
237 1481 382 1530 triplici
403 1483 543 1517 crinita
563 1481 653 1517 iuba
673 1480 786 1529 galea
805 1480 885 1517 alta
905 1480 1151 1516 Chimaeram
1260 1483 1334 1521 785

156 1542 336 1585 sustinet,
358 1539 558 1576 Aetnaeos
579 1540 777 1576 efflantem
797 1539 974 1576 faucibus
994 1542 1120 1588 ignis;

155 1604 236 1635 tam
257 1601 381 1648 magis
400 1599 466 1635 illa
485 1598 659 1636 fremens
679 1604 721 1635 et
741 1600 918 1635 tristibus
939 1599 1055 1635 effera
1075 1598 1236 1636 flammis

156 1670 272 1707 quam
293 1660 416 1706 magis
437 1657 558 1694 effuso
576 1657 816 1694 crudescunt
834 1660 1026 1706 sanguine
1047 1671 1214 1707 pugnae.

155 1721 197 1753 at
217 1716 344 1753 levem
365 1716 536 1766 clipeum
556 1717 718 1754 sublatis
739 1717 920 1753 cornibus
942 1716 984 1752 Io

155 1788 249 1811 auro
269 1776 497 1824 insignibat,
516 1778 593 1812 iam
613 1779 731 1813 saetis
752 1776 889 1821 obsita,
910 1777 986 1811 iam
1006 1776 1088 1821 bos,
1260 1778 1335 1819 790

155 1833 451 1884 (argumentum
473 1834 643 1884 ingens),
665 1840 706 1871 et
726 1839 855 1871 custos
875 1836 1036 1883 virginis
1058 1835 1186 1883 Argus

328 1914 372 1933 ⁷⁶⁹
396 1914 541 1945 Paeonis
558 1915 619 1946 w.

328 1956 372 1976 ⁷⁷³
396 1957 624 1998 Poenigenam
641 1958 718 1989 MR.
769 1957 827 1997 ad]
843 1958 877 1989 in
894 1957 942 1997 γ’.
990 1956 1092 1989 undis
1109 1958 1162 1992 P1.

327 1999 373 2020 ”⁶
396 2000 442 2031 ibi
461 2001 506 2033 Μ.
702 2000 747 2021 ⁷⁹⁰
771 2001 971 2042 insignitam
988 2002 1026 2033 R.

159 2042 208 2081 56
