1399 2271
635 84 824 120 VIRGIL

144 170 254 206 addit
273 183 393 219 equos
413 175 455 206 et
473 170 566 216 tela,
585 171 727 220 quibus
746 171 981 220 spoliaverat
1000 171 1166 207 hostem.
1269 175 1318 207 80

143 234 321 268 vinxerat
333 236 374 268 et
386 236 475 280 post
487 237 600 281 terga
613 245 763 278 manus,
775 246 871 282 quos
884 236 1065 270 mitteret
1079 234 1224 270 umbris

142 294 312 340 inferias,
333 306 445 331 caeso
464 307 665 344 sparsurus
683 297 874 343 sanguine
895 295 1081 342 flammas,

142 355 379 406 indutosque
400 356 511 393 iubet
530 361 689 393 truncos
709 356 917 394 hostilibus
936 359 1054 394 armis

141 420 243 467 ipsos
262 418 365 454 ferre
385 417 505 454 duces
524 420 759 468 inimicaque
779 420 937 454 nomina
957 417 1033 467 figi.

141 479 298 516 ducitur
316 479 454 516 infelix
473 493 569 517 aevo
590 479 794 517 confectus
815 480 999 525 Acoetes,
1268 484 1315 519 85

140 547 300 591 pectora
318 555 423 579 nunc
443 541 606 579 foedans
625 544 781 592 pugnis,
800 555 906 580 nunc
926 543 1122 591 unguibus
1142 555 1220 589 ora,

140 607 331 641 sternitur
350 609 392 642 et
411 609 496 642 toto
516 606 714 654 proiectus
734 617 896 654 corpore
917 609 1057 642 terrae.

140 665 292 702 ducunt
311 671 353 703 et
374 666 520 703 Rutulo
540 666 718 716 perfusos
738 669 931 715 sanguine
951 679 1098 703 currus.

140 733 228 777 post
247 728 414 765 bellator
433 741 556 778 equus
576 731 712 777 positis
733 730 951 778 insignibus
972 728 1134 766 Aethon

139 793 170 826 it
189 790 393 827 lacrimans
413 793 618 840 guttisque
639 795 815 828 umectat
833 790 1049 840 grandibus
1077 803 1154 827 ora.
1266 794 1315 833 90

139 851 290 888 hastam
303 851 367 888 alii
379 852 612 902 galeamque
626 851 761 889 ferunt
775 865 784 896 ;
804 865 896 889 nam
909 856 1041 889 cetera
1053 851 1209 889 Turnus

138 916 262 951 victor
292 913 426 951 habet.
482 918 568 950 tum
601 919 751 951 maesta
783 913 954 964 phalanx
988 913 1209 964 Teucrique

243 981 464 1026 sequuntur

137 1037 410 1088 Tyrrhenique
430 1050 567 1075 omnes
587 1043 630 1075 et
648 1040 767 1075 versis
790 1037 963 1074 Arcades
983 1040 1109 1076 armis.

136 1104 342 1149 postquam
357 1101 482 1135 omnis
494 1099 613 1148 longe
627 1101 814 1135 comitum
828 1104 1095 1148 praecesserat
1107 1098 1215 1145 ordo,

135 1161 312 1198 substitit
333 1161 488 1197 Aeneas
508 1163 740 1210 gemituque
760 1160 858 1196 haec
877 1160 1031 1197 addidit
1050 1160 1154 1197 alto:
1264 1164 1312 1203 95

136 1227 241 1260 “nos
260 1222 354 1258 alias
374 1221 466 1258 hinc
487 1221 536 1258 ad
556 1221 733 1258 lacrimas
754 1221 893 1258 eadem
912 1221 1069 1258 horrida
1088 1221 1182 1258 belli

134 1284 215 1322 fata
230 1289 394 1321 vocant:
422 1284 528 1320 salve
548 1289 755 1321 aeternum
774 1283 885 1330 mihi,
900 1286 1069 1320 maxime
1088 1283 1206 1329 Palla,

133 1352 419 1396 aeternumque
440 1345 563 1382 vale.''
619 1358 695 1383 nec
713 1345 825 1395 plura
845 1345 983 1382 effatus
1003 1345 1052 1382 ad
1072 1345 1173 1382 altos

133 1408 326 1446 tendebat
346 1420 476 1444 muros
494 1420 751 1457 gressumque
771 1409 811 1443 in
832 1412 958 1443 castra
977 1406 1142 1445 ferebat.

188 1471 349 1520 Iamque
369 1474 542 1506 oratores
561 1469 727 1506 aderant
747 1482 796 1506 ex
815 1469 912 1505 urbe
933 1468 1088 1515 Latina,
1239 1473 1312 1505 100

133 1532 251 1569 velati
270 1533 385 1567 ramis
405 1531 515 1567 oleae
536 1533 769 1580 veniamque
790 1535 998 1580 rogantes:

132 1607 304 1643 corpora,
324 1605 395 1642 per
414 1606 570 1642 campos
590 1592 693 1629 ferro
713 1605 812 1642 quae
833 1591 918 1628 fusa
937 1592 1132 1637 iacebant,

132 1654 318 1692 redderet
337 1667 381 1690 ac
400 1653 554 1690 tumulo
574 1656 724 1690 sineret
743 1652 955 1690 succedere
975 1657 1130 1697 terrae;

132 1716 283 1753 nullum
304 1729 393 1753 cum
413 1718 526 1752 victis
546 1721 747 1752 certamen
768 1721 810 1752 et
828 1714 991 1751 aethere
1012 1717 1150 1758 cassis;

131 1783 311 1828 parceret
330 1777 550 1827 hospitibus
569 1777 768 1827 quondam
787 1779 1010 1826 socerisque
1030 1778 1187 1812 vocatis.
1237 1779 1308 1812 105

131 1854 227 1891 quos
246 1841 371 1877 bonus
392 1840 548 1877 Aeneas
568 1839 673 1876 haud
692 1838 938 1889 aspernanda
957 1841 1155 1888 precantis

185 1910 214 1929 ⁸²
237 1920 413 1951 sparsuros
431 1909 514 1941 a²bc.
564 1908 734 1940 flamniam
750 1910 814 1948 Ry.

189 1953 216 1972 ⁹³
240 1954 370 1991 omnes]
386 1952 490 1983 duces
508 1953 547 1991 R,
566 1952 711 1984 Servius.
819 1952 847 1970 ⁹4
871 1954 1083 1992 processerat
1099 1951 1146 1991 γ’.

189 1996 216 2014 ‘³⁵
240 1995 351 2027 edidit
368 1996 403 2025 Μ
407 1995 459 2027 ²R.
805 1994 848 2014 ²⁰1
871 1998 1052 2036 precantes
1068 1995 1108 2031 R,
1127 1993 1270 2026 Servius.

132 2043 207 2075 240
