1399 2271
645 90 701 128 v1
706 90 837 128 RGIL

153 179 224 227 ipsi
244 177 313 214 has
333 177 523 226 sacrilego
542 177 727 227 pendetis
747 180 938 227 sanguine
958 191 1117 228 poenas,
1252 181 1324 222 595

152 249 174 273 o
193 238 336 273 miseri.
393 241 449 282 te,
468 236 613 282 Turne,
635 236 758 283 nefas,
778 242 819 274 te
840 239 953 274 triste
972 238 1149 275 manebit

151 295 386 345 supplicium
407 297 586 344 votisque
606 295 700 332 deos
721 297 959 333 venerabere
979 299 1083 333 seris.

152 367 242 391 nam
257 354 354 390 mihi
369 358 480 403 parta
495 356 619 403 quies,
635 357 840 404 omnisque
856 357 895 391 in
911 355 1047 392 limine
1063 360 1199 405 portus
1214 369 1223 401 ;

152 413 290 450 funere
310 412 416 450 felici
436 412 617 462 spolior.''
674 426 748 450 nec
767 413 879 463 plura
898 413 1053 451 locutus

152 475 298 522 saepsit
318 485 359 509 se
379 474 496 509 tectis
516 485 727 522 rerumque
748 472 908 522 reliquit
927 472 1113 510 habenas.
1252 472 1328 511 600

206 532 293 568 Mos
306 536 390 568 erat
405 531 601 580 Hesperio
615 534 655 567 in
670 531 793 577 Latio,
808 545 925 582 quem
940 535 1118 582 protinus
1131 534 1248 571 urbes

155 591 329 627 Albanae
350 590 506 627 coluere
526 603 692 637 sacrum,
711 604 817 628 nunc
836 594 1004 628 maxima
1023 604 1154 628 rerum

155 651 275 687 Roma
288 649 394 695 colit,
408 663 495 685 cum
508 651 633 699 prima
645 655 808 686 movent
820 652 860 686 in
875 650 1022 699 proelia
1041 650 1223 696 Martem,

152 712 232 746 sive
253 709 367 746 Getis
388 708 533 745 inferre
552 722 672 745 manu
691 708 931 745 lacrimabile
951 709 1100 745 bellum

154 769 399 819 Hyrcanisve
413 767 603 804 Arabisve
614 772 767 816 parant,
780 780 848 804 seu
862 768 1028 804 tendere
1042 768 1090 804 ad
1106 768 1225 806 Indos
1253 767 1327 806 605

152 828 422 876 Auroramque
443 828 553 875 sequi
576 825 819 877 Parthosque
838 839 1044 876 reposcere
1064 829 1198 876 signa:

151 892 244 924 sunt
264 888 446 935 geminae
467 884 567 921 Belli
586 890 723 934 portae
745 884 816 935 (sic
835 887 995 922 nomine
1015 884 1184 937 dicunt),

152 946 342 995 religione
362 957 493 981 sacrae
514 949 555 981 e’c
574 946 679 981 saevi
699 943 908 981 formidine
930 945 1093 989 Martis;

152 1010 312 1042 centum
333 1005 437 1040 aerei
458 1002 650 1040 claudunt
669 1007 802 1040 vectes
821 1008 1062 1053 aeternaque
1083 1003 1176 1042 ferri

152 1064 300 1109 robora,
321 1075 394 1100 nec
414 1067 544 1098 custos
563 1062 719 1099 absistit
736 1061 872 1099 limine
895 1062 1022 1099 Ianus.
1252 1061 1329 1100 610

152 1124 233 1169 has,
253 1123 319 1159 ubi
339 1126 447 1158 certa
466 1120 580 1158 sedet
599 1121 776 1170 patribus
796 1124 996 1158 sententia
1017 1134 1186 1171 pugnae,

151 1189 233 1235 ipse
254 1183 448 1231 Quirinali
468 1183 604 1220 trabea
623 1186 835 1233 cinctuque
857 1183 1012 1220 Gabino
1251 1197 1328 1221 FMR

151 1247 315 1294 insignis
335 1247 485 1280 reserat
503 1242 713 1280 stridentia
732 1242 868 1279 limina
887 1243 1035 1289 consul,

150 1307 234 1353 ipse
255 1307 368 1339 vocat
387 1313 563 1351 pugnas;
591 1304 770 1351 sequitur
789 1306 875 1338 tum
895 1307 1027 1339 cetera
1047 1303 1171 1352 pubes

150 1374 343 1411 aereaque
363 1360 530 1397 adsensu
552 1363 778 1409 conspirant
798 1373 942 1397 cornua
962 1373 1088 1397 rauco.
1252 1360 1327 1399 615

152 1422 225 1458 hoc
246 1427 288 1458 et
307 1426 392 1458 tuln
412 1419 612 1456 Aeneadis
631 1419 807 1456 indicere
827 1419 931 1456 bella
954 1420 1116 1457 Latinus

151 1493 258 1517 more
279 1479 488 1516 iubebatur
508 1480 710 1528 tristisque
731 1478 935 1515 recludere
956 1484 1097 1528 portas.

150 1540 341 1576 abstinuit
361 1542 470 1575 tactu
490 1542 604 1587 pater
622 1550 859 1587 aversusque
879 1537 1028 1587 refugit

150 1598 266 1635 foeda
285 1599 514 1642 ministeria,
535 1601 577 1633 et
597 1598 722 1633 caecis
742 1609 783 1633 se
804 1596 982 1633 condidit
1001 1598 1158 1636 umbris,

320 1687 363 1705 ⁶⁰⁵
388 1686 643 1727 Hyrcaniisque
660 1685 711 1718 [³².
825 1686 869 1704 ⁶⁰⁶
893 1685 1076 1726 deposcere
1094 1686 1133 1718 R.

320 1730 363 1749 ⁶¹¹
387 1730 469 1760 haec
486 1729 548 1761 ⁴312.
823 1729 867 1748 ‘³¹²
891 1728 1017 1760 sabino
1034 1730 1070 1761 F.

320 1772 365 1793 ⁶¹⁴
388 1776 471 1804 tunc
488 1773 533 1804 M.
822 1771 866 1791 ⁶1⁸
890 1771 1055 1804 adversus
1071 1785 1103 1812 γ.

189 1871 201 1890 ¹
225 1871 256 1901 A
273 1869 373 1901 much
391 1868 540 1901 debated
564 1880 716 1911 passage.
767 1869 838 1900 The
863 1869 1046 1911 rendering
1069 1870 1169 1911 given
1195 1870 1327 1902 follows

149 1913 298 1951 Servius,
314 1913 474 1944 securitas
489 1913 595 1944 omnis
612 1912 821 1953 inpromptu
838 1918 892 1944 esc.
930 1913 1055 1945 Others
1069 1913 1205 1954 explain
1224 1914 1304 1945 thus
1319 1926 1327 1945 :

151 1958 172 1972 “
185 1956 237 1986 for
253 1959 289 1987 to
307 1966 359 1987 me
375 1960 445 1986 rest
464 1956 490 1986 is
502 1966 588 1991 won„
603 1955 670 1986 and
688 1956 715 1986 it
734 1956 761 1986 is
774 1956 870 1986 when
882 1955 1010 1997 wholly
1021 1966 1062 1986 on
1076 1955 1134 1986 the
1148 1956 1325 1988 threshold

147 1999 182 2029 of
200 1998 286 2030 life’s
303 1998 413 2031 haven
430 1998 508 2029 that
527 1998 541 2029 I
560 2010 613 2029 am
631 1998 759 2029 robbed
777 1998 812 2029 of
827 2009 846 2029 a
864 1998 978 2040 happy
995 1998 1100 2030 death
1115 1999 1133 2012 '’
1152 1999 1279 2041 (Paga).

149 2047 198 2078 44
