1399 2271
607 56 797 93 VIRGIL

118 142 344 192 Fadumque
392 142 697 192 Herbesumque
749 142 854 179 subit
907 141 1182 191 Rhoetumque

221 202 474 250 Abarimque,

115 264 269 309 ignaros
278 273 287 304 3
310 260 506 297 Rhoetum
519 260 750 308 vigilantem
764 265 805 296 et
817 265 959 296 cuncta
971 259 1193 304 videntem3
1214 263 1287 296 345

115 319 184 356 sed
203 333 390 368 magnum
410 324 593 356 metuens
613 332 654 355 se
674 324 763 368 post
783 323 933 355 cratera
953 319 1140 367 tegebat:

115 383 275 427 pectore
296 380 335 414 in
356 377 518 414 adverso
538 382 666 414 totum
687 380 747 413 cui
769 379 986 413 comminus
1007 390 1145 414 ensem

116 436 293 473 condidit
312 436 542 485 adsurgenti
566 441 606 473 et
625 436 749 472 multa
768 441 896 473 morte
917 438 1078 484 recepit.

117 509 351 546 purpuream
364 498 486 532 vomit
498 495 564 532 ille
577 498 745 531 animam
761 500 802 532 et
815 508 902 531 cum
917 498 1108 544 sanguine
1122 497 1245 531 mixta

117 557 205 591 vina
224 554 347 591 refert
366 557 559 598 moriens3
589 554 652 590 hic
674 553 777 591 furto
797 554 969 590 fervidus
990 556 1121 590 instat.
1216 557 1291 590 350

117 617 271 663 iamque
292 613 341 649 ad
363 613 533 662 Messapi
555 615 676 650 socios
696 613 913 657 tendebat3
943 613 996 648 ibi
1017 615 1150 661 ignem

116 672 285 709 deficere
306 677 527 708 extremum
548 677 589 708 et
609 672 793 720 religatos
814 674 888 708 rite
909 671 1070 708 videbat

117 743 276 780 carpere
295 743 459 780 gramen
480 743 599 780 equos
616 744 622 766 :
653 731 826 767 breviter
845 743 933 766 cum
953 730 1046 767 talia
1068 729 1184 766 Nisus

117 790 259 840 (sensit
277 792 383 826 enim
403 792 523 826 nimia
543 789 664 826 caede
684 795 804 839 atque
825 789 1009 838 cupidine
1030 788 1141 839 ferri)
1190 801 1292 826 MPRV

119 847 418 893 “absistamus,’'
435 850 509 891 ait;
529 851 653 884 “nam
668 848 735 884 lux
751 850 907 884 inimica
922 850 1171 897 propinquat.
1219 853 1292 885 355

117 920 331 955 poenarum
345 907 579 943 exhaustum
593 909 685 943 satis
699 911 772 953 est,
786 909 846 943 via
859 906 963 943 facta
975 920 1045 956 per
1058 906 1220 943 hostis.'’

117 965 242 1002 multa
261 967 386 1001 virum
407 964 531 1001 solido
551 970 716 1014 argento
736 965 913 1014 perfecta
933 965 1164 1014 relinquunt

117 1036 301 1073 armaque
322 1029 571 1074 craterasque
592 1024 706 1060 simul
727 1023 990 1074 pulchrosque
1010 1029 1176 1073 tapetas

119 1083 309 1132 Euryalus
330 1083 509 1131 phaleras
532 1083 763 1120 Rhamnetis
784 1088 826 1120 et
844 1096 961 1120 aurea
980 1083 1097 1120 bullis

118 1141 286 1190 cingula,
307 1142 462 1178 Tiburti
485 1141 649 1178 Remulo
669 1142 883 1179 ditissimus
904 1142 996 1178 olim
1220 1140 1294 1179 360

118 1212 218 1248 quae
238 1203 363 1237 mittit
384 1200 498 1246 dona,
519 1199 689 1249 hospitio
710 1214 798 1237 cum
818 1204 1004 1250 iungeret
1023 1201 1176 1246 absens,

119 1258 331 1303 Caedicus3
360 1258 426 1296 ille
447 1272 516 1295 suo
536 1262 705 1295 moriens
726 1258 794 1295 dat
814 1258 960 1296 habere
979 1261 1140 1308 nepoti;

118 1322 208 1366 post
225 1323 394 1354 mortem
414 1317 518 1355 bello
541 1318 674 1354 Rutuli
695 1331 906 1368 pugnaque
927 1320 1066 1367 potiti:

118 1376 215 1413 haec
228 1379 330 1426 rapit
342 1382 461 1427 atque
475 1379 619 1413 umeris
632 1379 871 1426 nequiquam
884 1375 1050 1413 fortibus
1067 1381 1187 1425 aptat.

117 1442 202 1473 tum
222 1436 375 1485 galeam
398 1435 568 1484 Messapi
588 1435 761 1472 habilem
781 1438 986 1485 cristisque
1007 1435 1189 1472 decoram
1220 1434 1293 1473 365

118 1494 258 1531 induit.
317 1494 516 1531 excedunt
536 1497 672 1531 eastris
692 1499 734 1531 et
753 1499 841 1531 tuta
861 1499 1081 1543 capessunt.

173 1553 332 1590 Interea
352 1555 554 1602 praemissi
574 1556 728 1603 equites
749 1566 796 1590 ex
817 1553 913 1590 urbe
934 1553 1088 1599 Latina,

118 1617 251 1649 cetera
271 1612 365 1648 dum
384 1611 489 1661 legio
509 1614 655 1661 campis
675 1614 867 1648 instructa
885 1617 1073 1658 moratur,

118 1673 229 1709 ibant
248 1676 290 1708 et
309 1671 441 1708 Turno
462 1674 545 1720 regi
565 1684 751 1720 responsa
771 1670 965 1716 ferebant,

118 1735 356 1775 tercentum,
377 1733 519 1767 scutati
540 1743 688 1775 omnes,
710 1730 904 1767 Volcente
924 1732 1123 1779 magistro.
1220 1732 1294 1770 370

118 1792 273 1839 iamque
292 1790 609 1838 propinquabant
629 1792 763 1826 castris
783 1803 973 1839 muroque
989 1790 1186 1836 subibant,

160 1876 205 1896 ³⁴⁹
227 1887 437 1918 purpureum
454 1876 569 1908 known
592 1881 623 1909 to
646 1876 791 1915 Servius,
819 1877 889 1908 and
912 1881 943 1908 ιο
967 1877 1001 1908 be
1025 1877 1199 1908 conserued
1217 1877 1292 1908 with

119 1930 242 1951 ensem.

160 1962 206 1981 ²³⁶⁴
229 1966 353 2003 aptant
375 1964 412 1996 V.
504 1962 548 1982 ⁸⁶⁹
573 1963 661 2004 regis
677 1963 821 1994 Servius.
913 1963 958 1982 3⁷¹
981 1973 1094 1993 muros
1109 1963 1168 2003 P-y.

124 2003 196 2042 136
