1399 2271
653 103 842 140 VIRGIL

214 193 317 228 Dum
331 192 484 227 Turnus
502 189 664 226 Rutulos
683 192 822 225 animis
841 189 1054 226 audacibus
1073 189 1226 239 implet,
1257 193 1330 229 475

162 246 317 282 Allecto
338 247 375 280 in
397 244 567 280 Teucros
588 242 735 292 Stygiis
755 255 796 279 se
817 245 990 279 concitat
1009 242 1090 279 alis.

159 304 242 335 arte
262 312 361 334 nova
381 297 581 346 speculata
600 296 741 341 locum,
761 308 839 345 quo
857 295 974 333 litore
992 295 1158 345 pulcher

159 351 306 388 insidiis
326 363 518 399 cursuque
538 349 640 386 feras
659 350 837 398 agitabat
857 349 976 387 Iulus.

157 404 221 441 hic
240 404 410 441 subitam
430 403 590 439 canibus
609 403 757 439 rabiem
778 403 939 452 Cocytia
958 405 1068 452 virgo

158 458 278 495 obicit
297 463 339 495 et
358 462 453 493 noto
472 458 575 493 naris
595 458 793 505 contingit
811 456 943 501 odore,
1255 461 1331 495 480

159 517 203 549 ut
221 524 378 548 cervum
390 510 576 546 ardentes
587 514 776 558 agerent3
795 522 896 558 quae
916 511 1040 558 prima
1057 509 1233 547 laborum

158 578 270 601 causa
290 565 364 600 fuit
383 563 566 612 belloque
586 565 735 599 animos
753 563 937 600 accendit
954 566 1130 612 agrestis.
1251 576 1330 601 an

158 630 293 655 cervus
314 622 397 654 erat
416 616 540 653 forma
560 618 777 665 praestanti
797 621 839 653 et
858 617 1040 654 cornibus
1060 619 1213 666 ingens,

157 670 372 721 Tyrrhidae
394 672 502 719 pueri
523 683 640 719 quem
660 672 796 707 matris
813 670 863 706 ab
883 670 1004 707 ubere
1023 675 1179 720 raptum

157 726 361 761 nutribant
380 723 632 773 Tyrrhusque
651 728 778 773 pater,
797 725 859 759 cui
879 725 986 773 regia
1004 729 1147 773 parent
1254 728 1328 760 485

156 783 333 814 armenta
353 782 394 814 et
413 776 492 813 late
513 776 690 813 custodia
710 776 861 813 credita
880 779 1018 826 campi.
1226 789 1328 814 rmav

156 831 362 868 adsuetum
382 832 556 879 imperiis
574 842 680 867 soror
698 832 805 866 omni
825 829 944 867 Silvia
963 843 1055 866 cura

156 884 336 921 mollibus
356 887 539 920 intexens
558 883 722 920 ornabat
742 896 887 920 cornua
906 886 1034 929 sertis,

156 938 419 987 pectebatque
439 936 566 973 ferum
585 949 762 987 puroque
781 939 822 972 in
842 936 953 973 fonte
973 937 1138 974 lavabat.

156 991 233 1037 ille,
252 1004 411 1027 manum
432 993 586 1039 patiens
604 1002 843 1039 mensaeque
863 990 1050 1028 adsuetus
1070 990 1168 1037 erili,
1251 994 1327 1033 490

155 1044 309 1081 errabat
327 1044 432 1081 silvis
452 1056 660 1093 rursusque
679 1043 729 1080 ad
747 1043 884 1079 limina
902 1049 996 1081 nota

155 1100 236 1147 ipse
257 1097 415 1134 domum
435 1110 521 1133 sera
540 1099 716 1146 quamvis
734 1110 776 1134 se
796 1102 913 1134 nocte
932 1097 1096 1134 ferebat.

208 1152 328 1187 Hunc
348 1150 480 1200 procul
501 1156 698 1187 errantem
718 1150 876 1187 rabidae
896 1153 1076 1188 venantis
1098 1149 1172 1187 Iuli

154 1217 398 1241 commovere
419 1217 548 1250 canes,
566 1204 682 1240 fluvio
701 1217 790 1241 cum
809 1203 912 1241 forte
931 1203 1105 1241 secundo

154 1257 345 1295 deflueret
363 1260 524 1307 ripaque
543 1263 675 1294 aestus
695 1256 889 1294 viridante
909 1257 1068 1294 levaret.
1249 1261 1324 1300 495

156 1314 239 1359 ipse
259 1313 392 1356 etiam,
412 1313 578 1347 eximiae
598 1310 723 1347 laudis
743 1323 952 1348 succensus
970 1324 1116 1357 amore,

154 1365 343 1401 Ascanius
363 1377 479 1400 curvo
498 1364 643 1401 direxit
661 1364 810 1413 spicula
829 1377 948 1400 cornu
964 1377 972 1407 ;

154 1431 226 1454 nec
245 1417 408 1454 dextrae
429 1420 575 1454 erranti
594 1417 691 1454 deus
710 1417 810 1454 afuit
828 1422 993 1467 actaque
1014 1417 1139 1454 multo

153 1484 301 1520 perque
322 1476 476 1507 uterum
496 1473 626 1507 sonitu
646 1484 795 1520 perque
815 1471 881 1507 ilia
900 1473 1010 1507 venit
1029 1470 1215 1507 harundo.

153 1527 303 1560 saucius
321 1529 363 1560 at
381 1523 603 1573 quadrupes
622 1529 716 1561 nota
735 1527 837 1561 intra
857 1529 964 1561 tecta
984 1523 1131 1572 refugit
1249 1528 1324 1561 500

153 1580 418 1627 successitque
433 1590 597 1626 gemens
612 1576 789 1623 stabulis,
803 1582 1025 1627 questuque
1041 1582 1228 1614 cruentus

153 1636 271 1680 atque
291 1630 515 1679 imploranti
535 1630 670 1668 similis
689 1635 842 1667 tectum
861 1643 978 1667 omne
998 1630 1188 1680 repiebat.

153 1683 270 1720 Silvia
290 1686 412 1732 prima
431 1697 548 1730 soror,
568 1684 706 1733 palmis
725 1697 908 1733 percussa
926 1683 1106 1730 lacertos,

152 1737 338 1773 auxilium
359 1742 471 1774 vocat
490 1742 532 1774 et
550 1737 667 1774 duros
687 1737 906 1774 conclamat
924 1740 1101 1787 agrestis.

152 1789 217 1827 olli
237 1788 376 1840 (pestis
397 1793 501 1827 enim
521 1793 651 1828 tacitis
671 1791 770 1828 latet
788 1804 926 1840 aspera
946 1790 1070 1841 silvis)
1247 1794 1322 1828 505

321 1924 363 1943 ⁴⁸¹
388 1923 551 1955 malorum
570 1925 632 1958 Jp,
807 1925 851 1944 ⁴⁸⁶
875 1925 937 1957 lati
955 1925 1128 1958 fflfflRV.

323 1966 365 1986 ¹⁹⁰
388 1977 490 1998 manu
507 1967 599 2000 FM1.
806 1968 848 1987 ⁴⁹⁷
873 1967 1008 1999 derexit
1024 1967 1147 2008 F¹R7¹.

320 2009 364 2029 ⁴⁹⁸
385 2009 508 2041 dextra
528 2010 571 2042 M.
822 2010 852 2030 ⁰²
873 2010 1021 2053 replevit
1036 2011 1110 2044 RV.

153 2051 202 2091 36
