1399 2271
681 92 871 128 VIRGIL

188 185 272 216 tum
292 179 416 216 Pallas
434 179 577 228 biiugis
596 178 819 228 fugientem
842 179 1019 216 Rhoetea
1038 184 1195 229 praeter

188 241 328 275 traicit.
387 238 460 274 hoc
480 240 650 287 spatium
669 243 906 287 tantumque
926 251 1056 274 morae
1076 237 1152 275 fuit
1174 238 1242 275 Ilo.
1288 243 1362 275 400

192 298 248 333 Ilo
268 310 438 346 namque
458 297 592 346 procul
614 296 782 332 validam
802 296 1011 334 derexerat
1030 297 1180 333 hastam
1197 311 1205 334 t

189 370 304 406 quam
318 356 471 393 medius
488 355 686 392 Rhoeteus
699 357 914 404 intercipit,
927 358 1075 404 optime
1087 355 1276 402 Teuthra,

189 421 230 452 te
251 415 407 464 fugiens
427 414 669 463 fratremque
690 413 844 463 Tyren3
873 427 1065 464 curruque
1087 415 1241 452 volutus

189 474 319 511 caedit
339 476 576 510 semianimis
600 473 833 509 Rutulorum
853 473 1022 510 calcibus
1041 487 1141 510 arva.

189 547 232 569 ac
252 533 362 570 velut
381 538 517 582 optato
536 535 665 569 ventis
684 537 835 569 aestate
856 535 997 568 coortis
1290 536 1365 570 405

189 592 364 641 dispersa
382 593 564 628 immittit
583 591 688 627 silvis
708 591 891 627 incendia
911 597 1066 639 pastor;

190 654 378 700 correptis
398 651 528 688 subito
547 650 687 686 mediis
708 650 938 686 extenditur
957 663 1034 686 una

190 710 346 747 horrida
365 722 435 759 per
454 710 553 745 latos
573 711 675 745 acies
695 708 882 744 Volcania
901 721 1058 758 campos
1073 721 1095 753 ;f

191 769 256 805 ille
276 768 418 805 sedens
438 770 561 804 victor
579 767 752 804 flammas
772 767 980 816 despectat
999 771 1175 806 ovantis:

190 841 267 864 non
288 827 403 863 aliter
422 829 569 863 socium
588 828 712 862 virtus
733 828 812 862 coit
830 828 955 862 omnis
975 828 1016 862 in
1036 840 1158 863 unum
1291 832 1366 864 410

190 893 309 936 teque
329 889 448 930 iuvat,
474 885 587 920 Palla.
645 884 715 921 sed
736 884 850 921 bellis
869 897 959 921 acer
981 885 1174 922 Halaesus

189 945 322 982 tendit
340 947 380 980 in
400 943 582 980 adversos
602 956 722 993 seque
742 945 783 979 in
803 956 871 979 sua
891 943 1042 992 colligit
1061 958 1177 982 arma.

190 1005 253 1041 hic
272 1009 420 1040 mactat
442 1002 602 1039 Ladona
625 1002 871 1052 Pheretaque
892 1002 1258 1054 Demodocumque,

190 1063 416 1113 Strymonio
435 1062 615 1098 dextram
636 1061 807 1110 fulgenti
828 1062 974 1111 deripit
994 1075 1088 1099 ense

191 1123 334 1159 elatam
356 1124 396 1157 in
417 1121 607 1170 iugulum,
629 1134 720 1157 saxo
741 1120 833 1157 ferit
852 1133 918 1157 ora
938 1121 1128 1158 Thoantis
1292 1127 1367 1160 415

190 1193 354 1231 ossaque
374 1180 559 1229 dispersit
579 1180 741 1216 cerebro
760 1182 954 1228 permixta
976 1186 1150 1218 cruento.

191 1241 271 1278 fata
291 1252 436 1276 canens
456 1239 562 1276 silvis
582 1241 739 1287 genitor
759 1238 906 1275 celarat
928 1239 1169 1279 Halaesum:

192 1305 236 1337 ut
255 1302 387 1336 senior
407 1299 488 1335 leto
509 1300 691 1334 canentia
712 1297 861 1334 lumina
881 1298 1008 1344 solvit,

191 1361 361 1395 iniecere
381 1370 541 1393 manum
565 1357 707 1393 Parcae
727 1356 897 1406 telisque
917 1363 1119 1394 sacrarunt

192 1417 376 1454 Euandri.
433 1429 551 1466 quem
572 1418 626 1452 sic
648 1415 774 1452 Pallas
794 1419 897 1465 petit
915 1422 1009 1454 ante
1030 1423 1237 1466 precatus:
1293 1423 1368 1455 420

190 1477 271 1513 “da
284 1489 402 1521 nunc,
415 1475 565 1525 Thybri
578 1480 704 1523 pater,
717 1474 834 1520 ferro,
847 1475 951 1524 quod
966 1475 1111 1512 missile
1125 1476 1236 1522 libro,

190 1535 388 1572 fortunam
404 1539 524 1584 atque
539 1536 641 1569 viam
657 1533 743 1570 duri
760 1546 830 1582 per
846 1539 984 1582 pectus
1002 1534 1173 1571 Halaesi.

190 1594 287 1631 haec
302 1607 409 1629 arma
424 1595 662 1642 exuviasque
677 1594 748 1628 viri
763 1597 831 1629 tua
846 1605 1013 1642 quercus
1029 1592 1231 1631 habebit.”

189 1653 314 1691 audiit
333 1653 401 1689 illa
420 1652 542 1696 deus3
569 1651 665 1688 dum
684 1654 787 1689 texit
808 1652 968 1688 Imaona
991 1652 1197 1699 Halaesus,

190 1712 360 1749 Arcadio
379 1711 518 1748 infelix
537 1711 620 1748 telo
639 1711 709 1747 dat
728 1716 867 1760 pectus
888 1714 1093 1748 inermum.
1292 1717 1381 1751 425

242 1771 299 1807 At
317 1783 397 1807 non
418 1770 539 1807 caede
560 1772 630 1806 viri
650 1774 762 1806 tanta
782 1773 991 1819 perterrita
1013 1769 1174 1816 Lausus,

189 1843 277 1880 pars
297 1832 438 1878 ingens
454 1828 561 1875 belli,
577 1831 671 1865 sinit
685 1831 866 1878 agmina:
895 1832 1042 1878 primus
1062 1830 1262 1866 Abantem

189 1891 414 1939 oppositum
427 1889 634 1933 interimit,
646 1900 803 1936 pugnae
817 1887 1043 1937 nodumque
1056 1901 1283 1938 moramque

513 1958 552 1976 ¹⁶¹
578 1957 752 1988 direxerat
771 1957 881 1997 ‚³1¹¹P7.

513 2003 551 2021 *Π
577 2011 712 2035 cavens.
731 2000 846 2031 known
862 2004 894 2032 to
910 2000 1054 2033 Servius.
