1399 2271
628 65 816 102 VIRGIL

137 154 291 189 Aeneas
312 153 458 188 nubem
479 152 585 197 belli,
606 152 700 188 dum
721 152 889 189 detonet
908 155 1046 197 omnis,

135 217 304 251 sustinet
320 219 361 250 et
378 213 548 249 Lausum
564 216 775 262 increpitat
793 213 996 263 Lausoque
1012 216 1184 250 minatur
1198 226 1206 251 :
1236 218 1310 250 810

137 280 249 325 “quo
268 278 456 312 moriture
476 277 554 311 ruis
574 277 797 324 111ai01·aque
818 275 963 311 viribus
981 275 1128 311 audes?

136 337 237 373 fallit
257 342 298 374 te
317 339 519 373 incautum
539 339 666 385 pietas
685 335 791 372 tua.''
848 349 922 372 nec
941 339 1070 373 minus
1090 336 1157 373 ille

137 398 310 435 exsultat
328 397 505 444 demens,
525 410 663 434 saevae
683 400 839 447 iamque
859 397 976 434 altius
995 400 1074 435 irae

138 460 337 496 Dardanio
356 464 524 508 surgunt
543 459 710 504 ductori,
731 464 985 510 extremaque
1006 459 1133 496 Lauso

139 523 280 558 Parcae
294 521 357 557 fila
368 520 528 570 legunt:
548 521 720 558 validum
734 534 903 571 namque
916 523 1040 571 exigit
1053 535 1188 559 ensem
1236 527 1309 560 815

138 597 207 633 per
221 583 394 620 medium
411 584 566 619 Aeneas
583 585 765 619 iuvenem
782 588 989 633 totumque
1005 584 1195 621 recondit.

136 648 292 682 transiit
312 650 353 682 et
373 658 548 694 parmam
567 657 715 691 mucro,
733 644 833 681 levia
853 658 960 681 arma
978 648 1153 692 minacis,

137 713 178 744 et
198 709 385 752 tunicam,
405 706 514 742 molli
533 711 661 742 mater
680 719 795 756 quam
816 712 979 743 neverat
998 720 1104 752 auro,

136 768 394 818 implevitque
414 770 542 804 sinum
562 770 743 816 sanguis3
773 773 858 804 tum
873 770 952 804 vita
973 781 1042 817 per
1061 782 1171 806 auras

136 832 330 867 concessit
348 834 498 865 maesta
517 828 565 864 ad
590 829 717 865 Manis
737 842 955 878 corpusque
976 829 1146 879 reliquit.
1237 836 1311 869 820

135 897 176 929 at
196 905 287 928 vcro
307 896 352 927 ut
372 890 521 926 voltum
542 890 641 927 vidit
660 893 864 927 morientis
884 896 926 928 et
944 904 1023 937 ora,

135 967 201 990 ora
220 952 346 989 modis
367 952 626 989 Anchisiades
647 952 837 1001 pallentia
855 955 974 998 miris,

135 1017 331 1065 ingemuit
350 1016 538 1050 miserans
558 1016 731 1062 graviter
750 1014 1009 1064 dextramque
1030 1016 1207 1054 tetendit

136 1082 177 1113 et
196 1081 374 1113 mentem
395 1077 544 1124 patriae
565 1077 724 1111 strinxit
744 1077 904 1124 pietatis
923 1078 1063 1125 imago.

136 1138 260 1188 “quid
274 1138 345 1173 tibi
359 1137 706 1182 nunc‚miserande
720 1150 831 1186 puer,
843 1150 913 1186 pro
926 1137 1106 1175 laudibus
1119 1141 1214 1185 istis,
1236 1144 1310 1177 825

135 1200 229 1249 quid
250 1202 336 1248 pius
356 1198 513 1235 Aeneas
533 1204 645 1235 tanta
665 1198 775 1235 dabit
796 1198 928 1236 indole
949 1199 1141 1248 dignum?

135 1275 254 1306 arma,
269 1262 410 1310 quibus
426 1260 608 1306 laetatus,
625 1259 726 1296 habe
741 1265 822 1306 tua,
838 1265 958 1310 teque
978 1266 1188 1310 parentum

135 1323 314 1359 manibus
335 1327 376 1358 et
397 1324 531 1367 cineri,
551 1324 583 1357 si
603 1334 679 1371 qua
700 1327 760 1358 est
780 1334 826 1358 ea
846 1335 949 1368 cura,
970 1325 1140 1359 remitto.

136 1385 209 1420 hoc
229 1389 363 1420 tamen
383 1383 521 1420 infelix
541 1385 723 1419 miseram
743 1383 920 1420 solabere
940 1390 1132 1422 mortem:

137 1447 297 1483 Aeneae
317 1448 449 1494 magni
470 1445 610 1481 dextra
630 1445 774 1492 cadis.’'
831 1447 1010 1494 increpat
1031 1446 1135 1483 ultro
1236 1453 1312 1485 830

136 1509 359 1544 cunctantis
379 1509 502 1543 socios
523 1512 564 1543 et
583 1512 688 1543 terra
708 1506 888 1544 sublevat
906 1509 1046 1556 ipsum,

135 1571 326 1618 sanguine
345 1574 574 1617 turpantem
594 1574 771 1618 comptos
791 1568 841 1605 de
861 1574 988 1606 morte
1009 1570 1180 1619 capillos.

190 1631 349 1667 Interea
367 1633 524 1679 genitor
543 1631 719 1667 Tiberini
738 1630 788 1667 ad
807 1630 976 1667 fluminis
996 1631 1142 1668 undam

136 1691 294 1727 volnera
314 1692 484 1727 siccabat
504 1691 674 1741 lymphis
695 1705 914 1742 corpusque
933 1692 1090 1729 levabat

135 1753 281 1789 arboris
301 1752 465 1789 adclinis
486 1757 636 1789 trunco.
694 1753 829 1802 procul
850 1766 963 1790 aerea
983 1756 1098 1790 ramis
1237 1759 1309 1792 835

135 1813 339 1863 dependet
358 1814 470 1862 galea
491 1819 533 1851 e‘t
553 1819 665 1863 prato
683 1817 816 1863 gravia
835 1828 941 1851 arma
961 1818 1179 1865 quiescunt»

200 1886 243 1905 ⁸¹²
267 1885 365 1916 fallet
383 1891 416 1916 te
435 1887 481 1916 P:
506 1886 617 1917 fallite
636 1887 686 1917 R:
709 1886 827 1917 fallete
845 1887 891 1926 7¹.
964 1887 1008 1907 ⁸¹5
1031 1887 1104 1926 fila]
1120 1887 1189 1918 lina
1206 1889 1242 1919 P.

200 1928 243 1948 ⁸²³
268 1929 361 1959 sinus
378 1929 439 1958 w.
553 1929 597 1948 ⁸²⁴
621 1929 764 1961 strinxit
780 1931 840 1961 M:
862 1930 969 1962 subiit
986 1931 1036 1962 P:
1059 1930 1154 1962 subit
1169 1932 1208 1962 R.

137 1971 243 2051 926334
268 1971 406 2002 lavabat
424 1972 528 2004 MPR.
