1399 2271
635 75 826 112 VIRGIL

147 163 305 210 corripit
323 164 362 197 in
382 160 529 197 nodum
549 162 788 210 complexus,
808 166 850 198 et
869 164 980 210 angit
1000 160 1212 197 inhaerens
1242 158 1318 196 260

145 220 258 256 elisos
277 220 408 256 oculos
429 225 470 256 et
489 223 633 256 siccum
654 223 844 269 sanguine
864 225 1012 269 guttur.

144 279 329 327 panditur
348 278 548 328 extemplo
568 278 714 315 foribus
734 279 872 316 domus
891 284 976 315 atra
994 279 1154 316 revolsis

142 338 440 387 abstractaeque
460 338 578 374 boves
595 339 876 387 abiurataeque
895 340 1053 387 rapinae

143 396 249 433 caelo
268 397 544 442 ostenduntur,
564 396 809 446 pedibusque
828 396 995 433 informe
1015 396 1181 433 cadaver

143 456 393 504 protrahitur.
448 461 654 505 nequeunt
673 456 823 504 expleri
843 456 959 492 corda
978 455 1129 492 tuendo
1239 453 1313 491 265

142 515 325 551 terribilis
345 514 488 559 oculos,
508 514 658 551 voltum
679 515 890 564 villosaque
910 518 1027 551 saetis

142 579 300 622 pectora
319 572 492 610 semiferi
511 578 630 622 atque
651 576 866 610 exstinctos
887 573 1062 609 faucibus
1083 575 1195 622 ignis.

141 644 188 667 ex
209 632 274 668 illo
296 632 515 668 celebratus
534 632 657 668 honos
677 632 851 681 laetique
871 634 1041 668 minores

139 703 342 727 servavere
362 691 479 735 diem,
501 692 726 739 primusque
750 690 915 727 Potitius
935 696 1072 727 auctor

140 755 181 786 et
199 749 338 786 domus
359 749 549 785 Herculei
569 754 699 785 custos
722 748 874 785 Pinaria
894 752 1001 786 sacri.
1237 752 1314 788 270

139 808 239 845 hanc
258 821 363 844 aram
382 807 471 844 luco
490 810 641 852 statuit,
662 821 761 857 quae
784 808 956 843 Maxima
976 820 1132 857 semper

138 867 291 904 dicetur
309 868 421 903 nobis
441 872 483 903 et
502 869 578 903 erit
597 879 697 916 quae
716 869 883 902 maxima
904 879 1069 916 semper.

138 939 256 976 quare
269 929 389 974 agite,
401 939 423 961 0
436 928 610 970 iuvenes,
622 930 822 961 tantarum
835 927 875 961 in
888 938 1051 962 munere
1064 925 1225 961 laudum

138 988 285 1034 cingite
306 984 445 1021 fronde
466 997 594 1020 comas
615 989 656 1020 et
675 984 814 1032 pocula
833 987 988 1033 porgite
1008 984 1157 1020 dextris

137 1055 463 1092 communemque
477 1047 612 1078 vocate
626 1042 744 1078 deum
759 1047 799 1078 et
812 1042 904 1079 date
917 1045 1006 1078 vina
1019 1042 1236 1079 volentes.¹'

136 1102 302 1148 dixerat,
324 1102 523 1138 Herculea
542 1101 688 1137 bicolor
709 1114 796 1137 eum
817 1101 984 1150 populus
1004 1103 1141 1138 umbra
1237 1101 1312 1139 276

137 1161 358 1210 velavitque
378 1173 507 1196 comas
526 1159 707 1209 foliisque
727 1162 870 1196 innexa
891 1160 1095 1209 pependit,

137 1225 178 1256 et
195 1233 304 1256 sacer
322 1219 502 1268 implevit
520 1218 700 1255 dextram
720 1218 900 1268 scyphus.
944 1222 1050 1256 ocius
1069 1233 1206 1257 omnes

137 1282 176 1315 in
195 1291 371 1315 mensam
390 1278 483 1314 laeti
504 1277 629 1313 libant
649 1277 837 1326 divosque
858 1284 1080 1326 precantur.

189 1337 351 1374 Devexo
371 1339 521 1373 interea
541 1339 698 1385 propior
717 1336 760 1372 fit
781 1336 930 1385 Vesper
951 1337 1135 1387 Olympo,
1235 1342 1310 1375 280

134 1399 288 1446 iamque
308 1395 530 1432 sacerdotes
550 1398 775 1444 primusque
798 1395 964 1432 Potitius
983 1397 1106 1442 ibant,

134 1454 302 1503 pellibus
321 1457 361 1489 in
380 1466 529 1490 morem
550 1456 681 1498 cincti,
703 1453 953 1503 flammasque
973 1453 1166 1491 ferebant.

135 1516 353 1549 instaurant
372 1511 506 1561 epulas
526 1516 567 1548 et
586 1524 745 1547 mensae
765 1517 877 1560 grata
897 1512 1093 1549 secundae

133 1571 235 1607 dona
254 1571 387 1607 ferunt
407 1570 688 1619 cumulantque
708 1573 879 1607 oneratis
899 1570 1075 1608 lancibus
1095 1585 1188 1610 aras.

133 1636 218 1666 tum
238 1629 330 1666 Salii
350 1629 398 1665 ad
419 1634 557 1665 cantus
577 1632 736 1665 incensa
755 1629 891 1665 altaria
911 1632 1057 1666 circum
1233 1636 1306 1669 985

133 1688 310 1738 populeis
329 1688 473 1723 adsunt
493 1690 637 1724 evincti
659 1693 837 1736 tempora
857 1691 987 1734 ramis,

134 1748 196 1784 hic
208 1750 393 1783 iuvenum
407 1746 558 1792 chorus,
571 1747 637 1783 ille
651 1759 801 1792 senum,
815 1750 881 1796 qui
895 1750 1066 1785 carmine
1080 1748 1215 1785 laudes

134 1805 351 1842 Herculeas
372 1810 413 1841 et
433 1804 535 1841 facta
556 1804 711 1842 ferunt:
741 1811 786 1842 ut
804 1808 928 1854 prima
947 1819 1138 1844 novercae

131 1869 305 1901 monstra
317 1877 434 1899 manu
449 1866 706 1913 geminosque
720 1876 902 1913 premens
917 1865 1064 1902 eliserit
1077 1868 1227 1915 anguis,

280 1971 323 1990 ²⁶¹
347 1970 477 2002 elidens
493 1970 609 2002 known
625 1976 655 2002 to
671 1971 814 2003 Servius„
930 1973 973 1991 ²⁶²
997 1972 1068 2003 alta
1085 1973 1136 2004 ΡΙ.

133 2017 180 2054 78
