1399 2271
526 487 754 535 LIBER
802 487 940 534 VIII

153 638 213 675 UT
232 638 325 675 belli
345 640 501 687 signum
523 638 710 675 Laurenti
730 638 886 675 Turnus
905 639 955 675 ab
974 651 1063 675 arce
1246 649 1323 674 Mpn

149 700 292 738 extulit
312 705 354 737 et
374 713 489 737 rauco
508 705 764 750 strepuerunt
784 713 928 737 cornua
948 706 1080 746 cantu,

149 768 271 812 utque
292 765 389 798 acris
409 765 606 799 concussit
626 775 746 812 equos
766 767 889 812 utque
909 762 1067 812 impulit
1085 775 1204 808 arma,

149 824 350 873 extemplo
370 825 518 861 turbati
538 827 671 870 animi,
692 824 806 861 simul
827 837 943 861 omne
964 823 1137 861 tumultu

149 889 326 923 coniurat
346 886 501 935 trepido
523 886 680 923 Latium
699 889 902 936 saevitque
922 888 1106 923 iuventus
1305 888 1324 921 5

150 948 279 984 effera.
335 947 519 984 ductores
539 950 653 997 primi
675 947 879 997 Messapus
900 953 941 985 et
963 947 1089 985 Ufens

150 1015 478 1059 contemptorque
498 1009 618 1047 deum
640 1010 863 1046 Mezentius
884 1009 1059 1060 undique
1080 1014 1229 1059 cogunt

150 1072 291 1109 auxilia
312 1076 353 1109 et
373 1071 472 1108 latos
492 1076 648 1108 vastant
668 1071 883 1108 cultoribus
903 1085 1029 1121 agros.

150 1137 322 1172 mittitur
342 1139 383 1171 et
402 1136 535 1183 magni
556 1134 732 1170 Venulus
754 1134 958 1171 Diomedis
977 1134 1026 1170 ad
1046 1135 1197 1180 urbem,

150 1199 216 1246 qui
237 1201 349 1245 petat
367 1196 568 1242 auxilium,
589 1201 631 1232 et
652 1196 765 1232 Latio
784 1199 1000 1233 consistere
1019 1196 1204 1243 Teucros,
1282 1202 1328 1234 10

150 1259 359 1295 advectum
380 1258 545 1294 Aenean
565 1257 677 1294 classi
698 1260 899 1307 victosque
921 1258 1078 1295 Penatis

152 1319 296 1356 inferre
316 1324 357 1356 et
377 1319 468 1356 fatis
489 1332 623 1368 regem
644 1331 685 1356 se
705 1319 837 1356 dicere
857 1322 963 1368 posci

152 1382 328 1428 edoceat,
347 1381 570 1431 multasque
591 1383 672 1417 viro
691 1393 732 1417 se
752 1380 967 1430 adiungere
987 1384 1119 1430 gentis

154 1443 351 1480 Dardanio
371 1447 412 1479 et
431 1442 510 1479 late
532 1442 646 1479 Latio
665 1443 955 1479 increbrescere
975 1456 1130 1480 nomen.
1208 1442 1327 1495 [ΜΡΝ

152 1505 245 1555 quid
266 1510 392 1542 struat
411 1504 471 1541 his
491 1507 655 1553 coeptis,
674 1517 806 1554 quem,
826 1507 856 1541 si
879 1505 1051 1541 Fortuna
1077 1511 1277 1555 sequatur,
1313 1508 1315 1510 ’

152 1571 338 1603 eventum
359 1578 516 1615 pugnae
536 1568 681 1614 cupiat,
701 1565 947 1603 manifestius
966 1568 1039 1615 ipsi
1283 1565 1328 1603 16

152 1642 268 1679 quam
287 1628 420 1665 Turno
440 1630 523 1677 regi
543 1632 612 1665 aut
631 1630 715 1676 regi
735 1640 923 1677 apparere
945 1628 1098 1665 Latino.

203 1690 312 1727 Talia
332 1703 402 1740 per
423 1689 590 1726 Latium.
640 1702 740 1739 quae
758 1689 1065 1727 Laomedontius
1081 1690 1196 1728 heros

152 1757 294 1789 cuncta
313 1751 450 1788 videns
470 1764 614 1800 magno
634 1763 814 1787 curarum
833 1751 997 1788 fluctuat
1016 1757 1127 1789 aestu

151 1820 270 1864 atque
283 1816 456 1850 animum
469 1825 574 1849 nunc
587 1812 664 1849 huc
677 1812 859 1858 celerem,
873 1826 978 1849 nunc
991 1812 1132 1851 dividit
1144 1813 1236 1851 illuc
1278 1818 1327 1851 20

152 1879 190 1911 in
211 1878 410 1925 partisque
430 1877 532 1924 rapit
552 1876 674 1911 varias
694 1886 842 1923 perque
863 1877 992 1910 omnia
1013 1881 1163 1914 versat:

323 1984 334 2003 ²
357 1986 546 2014 sonuerunt
565 1982 617 2014 12¹.
836 1983 864 2005 ¹⁰
887 1983 1062 2019 considere
1078 1984 1155 2028 1³²7.

323 2027 399 2046 ²⁹²¹
428 2040 456 2054 =
473 2035 521 2058 ιν.
542 2027 615 2065 285,
634 2027 709 2058 286..

152 2070 203 2110 60
