1399 2271
653 86 844 123 VIRGIL

166 172 389 222 Idaliaeque
403 172 564 210 domus:
593 175 729 222 positis
748 173 936 222 inglorius
955 177 1071 212 armis

162 235 295 281 exigat
314 232 377 268 hic
395 244 546 268 aevum.
602 245 745 281 magna
763 232 918 269 dicione
938 233 1074 270 iubeto
1230 246 1332 272 Mrm·

165 290 364 339 Karthago
382 295 537 339 premat
556 290 794 327 Ausoniam:
822 290 921 326 nihil
941 292 1102 328 urbibus
1122 293 1215 329 inde

160 350 332 386 obstabit
350 350 485 400 Tyriis.
543 349 637 400 quid
657 355 811 399 pestem
832 350 998 387 evadere
1018 351 1111 387 belli
1284 358 1330 390 55

161 411 258 446 iuvit
276 414 318 446 et
338 409 540 458 Argolicos
560 409 735 446 medium
755 408 902 458 fugisse
922 422 993 458 per
1007 412 1122 459 ignis,

159 473 298 518 totque
317 471 432 505 maris
448 473 659 518 vastaeque
680 468 870 505 exhausta
890 469 1062 517 pericula
1080 475 1223 516 terrae,

158 527 252 564 dum
266 528 422 564 Latium
435 528 576 565 Teucri
589 527 838 577 recidivaque
854 527 1042 577 Pergama
1055 535 1251 578 quaerunt
1264 531 1278 566 ?

122 586 128 591 “
158 600 236 623 non
255 591 388 633 satius,
408 590 559 624 cineres
579 589 728 636 patriae
747 587 937 624 insedisse
958 601 1159 637 supremos

156 652 274 696 atque
287 646 426 692 solum,
437 660 514 696 quo
527 647 641 683 Troia
653 646 750 683 fuit?
778 646 983 683 Xanthum
996 652 1038 683 et
1050 647 1253 684 Simoenta
1282 646 1331 684 60

157 706 291 751 redde,
311 719 389 751 oro,
409 709 559 742 miseris
579 708 803 755 iterumque
823 705 1024 743 revolvere
1045 719 1155 743 casus

155 764 216 810 da,
236 771 360 814 pater,
383 765 520 802 Iliacos
540 764 738 801 Teucris.”
795 770 880 801 tum
900 767 1008 814 regia
1029 764 1128 802 Iuno

154 829 241 861 acta
260 824 390 861 furore
410 826 516 874 gravi
533 837 541 860 :
569 828 594 844 “
607 823 700 873 quid
721 837 784 860 me
804 823 884 860 alta
903 824 1059 861 silentia
1079 828 1184 874 cogis

156 897 336 933 rumpere
356 889 397 920 et
416 883 631 920 obductum
652 884 780 919 verbis
800 883 956 933 volgare
976 883 1178 921 dolorem?

155 943 319 980 Aenean
339 943 542 979 hominum
562 945 766 993 quisquam
786 942 1000 992 divumque
1020 945 1179 993 subegit
1279 944 1327 982 65

154 1002 256 1038 bella
275 1005 385 1052 sequi
405 1007 473 1039 aut
492 1002 646 1038 hostem
667 1004 750 1050 regi
771 1014 812 1038 se
832 1001 977 1038 inferre
999 1001 1168 1039 Latino?

156 1061 307 1097 Italiam
329 1064 445 1110 petiit
464 1061 553 1098 fatis
573 1061 820 1098 auctoribus:
849 1066 957 1105 est03

153 1120 390 1156 Cassandrae
410 1120 599 1169 impulsus
620 1119 752 1156 furiis:
781 1133 876 1156 num
896 1120 1075 1170 linquere
1095 1125 1221 1157 castra

151 1178 297 1216 hortati
316 1192 448 1216 sumus
468 1184 536 1215 aut
556 1182 675 1215 vitam
696 1181 944 1215 committere
964 1181 1119 1216 ventis?

151 1251 244 1274 num
265 1251 387 1286 puero
405 1251 597 1274 summam
617 1237 724 1282 belli,
743 1250 838 1273 num
858 1237 1019 1274 credere
1039 1251 1182 1284 muros,
1277 1241 1326 1279 70

150 1297 473 1347 Tyrrhenamque
495 1296 611 1333 fidem
630 1301 699 1332 aut
717 1298 849 1344 gentis
869 1299 1018 1345 agitare
1038 1298 1219 1346 quietas?

150 1357 235 1404 quis
254 1355 351 1391 deus
370 1358 409 1391 in
434 1355 621 1400 fraudem,
642 1367 742 1404 quae
763 1354 858 1390 dura
878 1358 1058 1403 potentia
1076 1361 1209 1393 nostra

150 1415 260 1462 egit?
290 1415 356 1450 ubi
376 1414 438 1449 hic
461 1413 558 1449 Iuno
579 1413 796 1449 demissave
817 1413 986 1448 nubibus
1008 1412 1107 1449 Iris?

148 1472 355 1521 indignum
375 1477 435 1509 est
456 1472 575 1508 Italos
594 1472 749 1508 Troiam
769 1471 1010 1508 circumdare
1029 1470 1192 1508 flammis

148 1537 377 1568 nascentem
398 1536 440 1568 et
458 1534 584 1580 patria
603 1531 780 1567 Turnum
800 1533 1014 1567 consistere
1035 1535 1150 1576 terra,
1275 1534 1322 1570 75

147 1593 208 1627 cui
231 1590 433 1626 Pilumnus
452 1603 558 1634 avus,
579 1592 640 1625 cui
660 1589 749 1625 diva
770 1588 921 1625 Venilia
943 1594 1092 1625 mater:

147 1650 240 1699 quid
261 1649 345 1686 face
365 1649 552 1685 Troianos
571 1653 656 1685 atra
675 1651 753 1683 vim
773 1647 876 1684 ferre
898 1647 1062 1693 Latinis,

145 1722 235 1744 arva
253 1708 380 1744 aliena
400 1710 492 1756 iugo
511 1720 691 1756 premere
710 1712 830 1757 atque
851 1712 1029 1743 avertere
1050 1707 1240 1756 praedas?

145 1767 239 1817 quid
259 1780 412 1803 soceros
432 1767 566 1815 legere
587 1771 628 1803 et
647 1768 806 1815 gremiis
826 1765 1022 1802 abducere
1041 1771 1188 1815 pactas,
1241 1779 1319 1803 Mra

144 1838 281 1875 pacem
302 1838 409 1862 orare
429 1838 562 1871 manu,
580 1825 795 1874 praefigere
815 1825 1012 1874 puppibus
1031 1826 1165 1861 arma?
1272 1830 1320 1862 80

314 1939 341 1958 ⁵³
365 1940 480 1980 exiget
502 1940 538 1970 V.
738 1939 766 1957 ⁵⁹
790 1938 922 1979 patriae
939 1939 1069 1970 cineres
1084 1939 1130 1979 Γ)

313 1982 341 2002 ⁷¹
365 1983 458 2023 -que]
475 1992 529 2013 -ve
544 1982 620 2016 RV.
741 1981 770 2001 ⁷²
793 1981 903 2012 nostri
918 1980 980 2014 M¹.

147 2035 220 2072 174
