1399 2271
620 74 809 112 VlRGIL

125 173 242 209 saepe
263 166 416 196 trucem
436 160 599 197 adverso
619 161 770 210 perlabi
790 161 918 198 sidere
938 161 1132 209 pontum?

177 231 294 268 saepe
314 231 421 255 mare
440 218 625 256 audendo
644 223 814 266 vincere,
835 232 952 268 saepe
970 219 1172 256 hiemem?

124 290 242 327 saepe
262 280 382 314 etiam
401 277 544 315 densos
564 280 781 316 immittere
801 292 939 328 corpus
960 281 1001 314 in
1019 277 1167 324 hostes,

176 350 426 374 communem
446 337 540 373 belli
560 351 640 374 non
658 340 885 375 meminisse
905 337 1054 374 deum?
1251 340 1300 374 50

123 409 229 432 nunc
249 395 398 432 celeres
419 395 548 441 Afros,
567 399 747 445 periurae
766 396 873 433 milia
893 399 1037 445 gentis,

175 468 293 492 aurea
312 467 418 491 nunc
437 455 562 504 rapidi
583 455 743 492 flumina
761 455 870 493 adire
890 455 1015 505 Tagi?

123 527 228 550 nunc
248 513 364 549 aliam
385 526 432 550 ex
452 513 527 549 alia
546 513 731 551 bellando
752 527 942 564 quaerere
961 519 1125 563 gentem

176 576 333 609 vincere
354 578 396 609 et
417 573 567 609 Oceani
587 573 728 610 finibus
748 573 941 610 ulterius?

122 645 202 667 non
214 637 393 668 nostrum
407 636 467 668 est
479 636 624 677 tantas,
637 645 731 677 non,
742 634 916 681 inquam,
930 634 1130 680 attingere
1142 630 1291 675 laudes,

175 693 270 740 quin
290 693 413 726 ausim
434 690 507 726 hoc
528 693 649 727 etiam
669 691 815 735 dicere,
830 693 893 726 vix
908 690 1113 726 hominum
1129 695 1200 726 est.
1252 688 1301 726 56

123 751 205 797 ipsa
218 748 329 794 haec,
341 751 425 797 ipsa
437 748 570 785 ferent
582 762 712 785 rerum
723 754 983 786 monumenta
995 762 1066 798 per
1077 749 1225 794 orbem,

174 810 259 856 ipsa
276 808 350 843 sibi
370 810 575 856 egregium
594 807 701 844 facta
719 807 840 844 decus
860 810 1027 857 parient.

122 879 193 902 nos
213 879 271 911 ea,
291 878 392 915 quae
410 871 546 902 tecum
565 866 766 903 finxerunt
785 869 958 903 carmina
977 865 1055 902 divi

175 924 369 974 Cynthius
388 929 431 961 et
451 924 602 970 Musae,
623 924 800 962 Bacchus
820 930 862 962 et
881 925 1036 974 Aglaie,
1250 922 1300 961 60

122 986 153 1020 si
172 983 330 1020 laudem
349 982 549 1031 adspirare
569 983 741 1028 humilis,
762 987 793 1020 si
813 983 922 1021 adire
943 984 1131 1033 Cyrenas,

174 1046 206 1079 si
224 1044 352 1091 patrio
373 1041 511 1079 Graios
532 1046 704 1079 carmine
724 1043 832 1079 adire
852 1042 953 1079 sales

122 1114 338 1151 possumus,
358 1103 504 1150 optatis
523 1101 611 1150 plus
631 1104 707 1137 iam
727 1101 978 1150 procedimus
997 1103 1101 1150 ipsis.

174 1160 248 1197 hoc
267 1162 361 1197 satis
381 1165 465 1204 est3
494 1162 633 1210 pingui
653 1160 708 1196 nil
728 1159 825 1196 mihi
845 1173 935 1197 cum
954 1159 1110 1210 populo.

690 1303 727 1340 X

120 1375 287 1413 SABINUS
305 1374 386 1419 ille,
406 1387 525 1424 quem
545 1373 701 1418 videtis,
723 1373 912 1423 hospites,

118 1437 176 1471 ait
193 1433 313 1470 fuisse
332 1432 454 1469 mulio
474 1432 701 1469 celerrimus

163 1513 225 1545 IX.
253 1513 280 1533 ‘⁷
304 1512 436 1554 perlabi
451 1512 577 1544 Aldine
593 1512 718 1544 edition
736 1513 817 1546 1517
832 1525 839 1544 :
862 1511 1044 1553 perlabens
1059 1517 1095 1543 Ω.

162 1557 191 1576 ⁵⁰
214 1567 281 1587 non
299 1562 346 1587 n:
370 1566 432 1587 nec
448 1555 575 1587 Aldine
591 1555 715 1586 edition
734 1556 824 1589 1517.
873 1555 1031 1586 timuisse
1047 1555 1092 1587 A.

162 1600 192 1619 ⁶⁰
214 1599 293 1630 Mus
281 1609 336 1630 ae
352 1599 409 1630 A:
430 1598 533 1630 Musa
549 1598 675 1635 BHH,
695 1598 846 1629 retained
862 1598 903 1639 by
922 1598 1007 1629 Birt.

163 1642 193 1663 ‘¹
213 1642 316 1673 laude
347 1641 527 1673 Baehwns
575 1642 763 1703 aspirarem
793 1641 882 1672 ΜΗ.
933 1642 962 1672 si
995 1640 1118 1680 (adire)
1151 1640 1206 1672 B:
1239 1640 1298 1672 sed

118 1685 259 1716 MHA:
280 1685 425 1716 ett'sos.
627 1684 725 1715 siB:
747 1681 875 1722 sic'Zu,
894 1684 987 1715 Med.

161 1728 204 1759 X.
231 1727 245 1747 ²
267 1727 416 1758 Albinus
433 1727 472 1758 R.
521 1728 637 1768 quem]
652 1726 791 1768 quidem
808 1726 847 1758 Β.

179 1771 192 1790 ²
213 1770 324 1801 multo
340 1775 366 1802 Ω
382 1783 388 1802 :
414 1770 531 1801 mulio
536 1770 662 1801 Aldine
679 1769 804 1801 edition
821 1770 915 1803 1517.

161 1845 174 1864 ²
196 1845 268 1876 The
292 1846 357 1876 ho:¹
349 1856 391 1876 ne
415 1846 450 1876 of
472 1845 713 1883 Callimachus,
734 1845 794 1876 the
811 1845 938 1886 elegiae
954 1850 1045 1886 poet.
1096 1845 1181 1876 Ellis
1199 1845 1297 1877 takes

118 1888 254 1919 humilis
270 1889 356 1919 with
375 1888 424 1928 Cy
406 1898 535 1927 trenas,
557 1870 734 1920 “Cvrene’
738 1898 753 1919 s
769 1887 955 1919 unexalted
972 1888 1097 1928 style.''

159 1930 173 1950 ²
195 1930 304 1962 This
295 1941 323 1962 ιε
339 1941 359 1962 a
375 1931 488 1962 elever
503 1930 635 1972 parody
652 1942 695 1962 on
713 1931 774 1962 the
798 1930 916 1962 fourth
941 1941 1039 1971 poem
1065 1930 1101 1962 of
1125 1930 1291 1963 Catullus.

118 1973 265 2005 Sabinus
289 1974 350 2005 has
368 1973 454 2005 been
475 1973 655 2005 identified
678 1973 764 2005 with
789 1973 849 2005 the
872 1973 1020 2006 Sabinus
1043 1974 1078 2005 of
1100 1973 1219 2006 Cicero
1235 1975 1297 2014 (ad

120 2021 193 2059 498
667 2014 688 2037 ⁶
