1399 2271
617 40 670 76 VI
679 39 807 77 RGIL

124 128 361 164 obtruncant
380 129 515 171 socios,
535 129 668 175 ignem
688 126 737 162 ad
757 126 914 175 fastigia
933 129 1092 164 iactant.

124 180 189 216 ille
210 183 314 217 inter
333 179 495 216 caedem
518 180 750 216 Rutulorum
771 180 924 229 elapsus
943 183 983 216 in
1003 194 1117 229 agros

124 233 337 282 confugere
357 238 399 269 et
418 233 539 268 Turni
559 233 768 269 defendier
787 233 951 282 hospitis
972 237 1098 270 armis.

123 300 217 335 ergo
237 289 362 322 omnis
383 286 491 322 furiis
512 289 681 323 surrexit
700 286 857 323 Etruria
875 289 999 331 iustis,

123 353 257 388 regem
272 340 320 376 ad
338 340 571 388 supplicium
588 342 786 388 praesenti
803 339 932 376 Marte
948 345 1171 388 reposcunt.
1220 345 1294 383 495

123 393 182 430 his
203 406 276 442 ego
296 399 350 438 te,
372 394 521 438 Aenea,
541 393 747 429 ductorem
767 393 923 429 milibus
942 393 1096 430 addam.

123 452 207 483 toto
227 459 396 496 namque
416 446 592 483 fremunt
611 446 832 482 condensae
852 446 967 483 litore
987 460 1152 496 puppes,

122 503 311 549 signaque
327 500 429 536 ferre
444 500 602 543 iubent3
622 502 770 536 retinet
784 499 996 548 longaevus
1012 500 1206 549 haruspex

123 553 202 590 fata
221 566 366 589 canens
383 567 389 589 :
418 557 429 574 ‘
442 566 465 590 o
486 553 691 589 Maeoniae
708 553 865 590 delecta
883 556 1080 598 iuventus,

122 607 188 643 flos
201 612 379 643 veterum
393 609 593 656 virtusque
607 609 744 651 virum,
758 619 854 655 quos
867 609 990 643 iustus
1007 609 1047 642 in
1062 607 1216 644 hostem

122 659 200 696 fert
218 660 329 696 dolor
348 665 390 697 et
408 663 548 696 merita
566 660 750 696 accendit
770 660 992 696 Mezentius
1012 663 1079 706 ira,
1215 666 1287 699 501

120 713 218 749 nulli
239 713 295 750 fas
317 713 417 749 Italo
436 718 587 749 tantam
608 714 847 762 subiungere
865 719 1053 762 gentem:
1075 729 1078 734 ·

121 772 305 803 externos
323 772 458 815 optate
479 766 625 802 duces?
681 772 767 803 tum
787 767 951 803 Etrusca
971 767 1120 805 resedit

120 819 193 856 hoc
212 822 314 857 acies
333 833 484 869 campo,
504 822 663 856 monitis
683 822 872 857 exterrita
891 820 1036 857 divum.

119 876 202 922 ipse
222 878 394 910 oratores
413 873 462 909 ad
482 886 546 909 me
566 876 757 922 regnique
777 886 958 909 coronam
1218 879 1292 912 505

119 939 208 962 cum
228 932 383 976 sceptro
401 929 509 962 misit
528 926 768 976 mandatque
788 930 955 975 insignia
975 927 1169 974 Tarchon,

119 980 325 1016 succedam
345 983 479 1017 castris
499 979 782 1029 Tyrrhenaque
802 993 924 1029 regna
944 994 1154 1029 capessam.

119 1033 188 1069 sed
207 1033 304 1069 mihi
323 1033 435 1070 tarda
454 1033 546 1082 gelu
567 1033 781 1083 saeclisque
802 1034 918 1070 effeta
937 1039 1122 1072 senectus

119 1086 270 1123 invidet
287 1089 495 1135 imperium
515 1099 703 1136 seraeque
722 1086 771 1123 ad
791 1085 906 1123 fortia
926 1090 1036 1124 vires.

118 1145 255 1176 natum
275 1139 514 1185 exhortarer,
535 1142 575 1175 ni
595 1143 741 1176 mixtus
758 1145 884 1176 matre
905 1140 1061 1177 Sabella
1215 1147 1290 1178 510

118 1193 209 1229 hinc
229 1198 382 1242 partem
402 1195 551 1242 patriae
571 1193 758 1230 traheret.
806 1198 863 1238 tu,
884 1196 992 1230 cuius
1013 1199 1054 1230 et
1073 1197 1185 1231 annis

118 1252 160 1283 et
178 1249 315 1296 generi
334 1246 415 1283 fata
433 1246 658 1295 indulgent,
677 1259 795 1296 quem
815 1249 976 1283 numina
996 1254 1175 1295 poscunt,

117 1300 338 1349 ingredere,
353 1313 375 1336 o
387 1299 583 1336 Teucrum
596 1305 715 1349 atque
732 1300 875 1336 Italum
888 1300 1097 1337 fortissime
1112 1301 1261 1339 ductor.

117 1353 222 1390 hunc
240 1354 313 1389 tibi
333 1358 550 1402 praeterea,
571 1366 659 1401 spes
679 1358 721 1389 et
740 1353 881 1389 solacia
900 1356 1037 1400 nostri,

120 1407 295 1443 Pallanta
313 1406 548 1455 adiungam;
581 1407 653 1442 sub
673 1411 714 1443 te
734 1406 900 1443 tolerare
920 1410 1107 1456 magistro
1215 1413 1288 1445 515

116 1460 296 1496 militiam
316 1465 358 1496 et
376 1473 494 1508 grave
516 1460 655 1496 Martis
674 1472 783 1508 opus,
802 1465 871 1497 tua
890 1473 1051 1497 cernere
1072 1461 1174 1498 facta

116 1513 333 1558 adsuescat,
355 1515 489 1562 primis
510 1518 551 1550 et
571 1518 611 1549 te
632 1515 797 1549 miretur
816 1514 865 1550 ab
884 1516 1006 1550 annis.

118 1566 288 1603 Arcadas
308 1566 398 1603 huic
418 1569 571 1615 equites
590 1567 648 1603 bis
668 1571 841 1612 centum,
861 1567 999 1603 robora
1018 1568 1131 1616 pubis

115 1620 230 1665 lecta,
250 1619 365 1665 dabo,
383 1620 631 1669 totidemque
651 1632 720 1656 suo
739 1621 813 1656 tibi
832 1623 990 1657 nomine
1013 1620 1175 1658 Pallas.”

168 1673 242 1709 Vix
263 1686 308 1710 ea
327 1672 431 1710 fatus
451 1678 547 1719 erat,
567 1673 764 1722 defixique
783 1686 849 1710 ora
867 1675 1062 1711 tenebant
1213 1679 1289 1712 520

115 1727 271 1764 Aeneas
291 1725 550 1763 Anchisiades
570 1731 612 1763 et
631 1725 730 1763 fidus
750 1726 924 1764 Achates

158 1819 202 1838 ⁴⁹²
225 1819 344 1850 caedes
360 1819 450 1850 ΜΠ).

157 1862 202 1881 ⁵¹²
224 1861 335 1893 fatum
351 1862 473 1899 P1JR71.
520 1861 677 1903 indulges
692 1861 750 1893 P1:
773 1861 951 1903 indulgeat
966 1862 1007 1893 R.

158 1905 202 1924 ⁵²⁹
225 1915 286 1936 suo
317 1904 381 1935 sibi
411 1904 513 1945 P²7¹:
549 1908 611 1936 tuo
641 1904 707 1937 sibi
737 1904 801 1937 M1.
868 1904 1004 1937 nomine
1036 1905 1099 1945 Mc,
1133 1905 1289 1938 Servius:

115 1958 254 1979 munere
275 1947 387 1987 PRyb.

115 1996 166 2034 94
